2820 4920
569 337 789 396 ..13-

93 529 199 612 elegia
237 548 306 595 eum
346 532 441 594 amat.
494 526 631 593 Omnino
666 526 825 592 Tibullum
866 525 1026 592 notionem
1066 529 1265 608 personalem

66 711 69 717 .
90 656 210 718 urgere
233 637 346 716 solere,
371 635 446 700 inde
469 650 592 716 quoque
616 636 738 717 elucet,
761 635 844 715 quod
869 633 999 715 saepius
1022 635 1183 717 adjectivo
1209 656 1266 718 pro

94 743 245 812 adverbio
279 743 401 808 utitur..
443 742 520 807 Vult
555 739 656 822 igitur
687 747 783 822 poeta
819 760 880 807 non
916 741 1106 820 simpliciter
1140 740 1266 809 modum

26 892 29 896 -
94 849 247 932 prolerre,
280 869 340 931 qrro
373 848 448 930 quid
473 849 538 926 fiat,
570 847 748 913 sedetiam
774 852 895 912 statum
926 853 958 912 et
982 848 1170 929 qualitatem
1196 869 1267 929 per-

94 977 191 1023 sonae
223 956 415 1038 depingere,
447 954 500 1036 qui
530 954 621 1036 quasi
654 954 726 1018 fons
761 961 811 1018 est
842 954 977 1019 rationis
1000 955 1128 1036 agendi.
1176 956 1264 1021 Satis

93 1064 223 1131 videtur
246 1082 347 1144 pauca
371 1061 686 1128 commemoravisse:

110 1173 134 1237 1.
159 1178 187 1237 3.
214 1177 263 1234 16.
309 1169 510 1252 Quaerebam
534 1168 658 1233 anxius,

112 1279 186 1343 16.
213 1283 263 1342 33.
308 1277 426 1341 Sedula
450 1281 549 1340 curet

110 1386 134 1452 l.
159 1394 188 1449 6.
236 1392 253 1447 6
310 1382 435 1448 Callida
458 1383 555 1448 iovet.

94 1491 138 1555 ll.
165 1498 190 1554 l.
216 1496 267 1555 89.
315 1490 412 1555 Venit
436 1490 564 1555 tacitus

184 1596 337 1662 Similiter
383 1604 478 1677 atque
517 1599 612 1677 apud.
640 1597 798 1662 Tibullum
847 1597 943 1663 etiam
990 1597 1023 1662 in
1070 1599 1265 1664 carminibus

97 1704 429 1769 Pseudo-Tibullianis
453 1704 581 1770 dativus
606 1703 726 1785 legitur
750 1725 807 1785 pro
831 1705 982 1786 genetivo
1007 1705 1056 1771 vel
1083 1706 1268 1785 pronomine

96 1810 295 1891 possessivo;
320 1831 346 1876 6.
370 1831 409 1893 g:

97 1920 208 1984 1114.
256 1925 307 1982 63.
353 1920 445 1982 Mens
470 1926 521 1982 est
544 1917 707 1982 mutabilis
731 1918 805 1983 illis.

96 2026 152 2093 lV.
181 2032 206 2089 1.
234 2031 304 2088 136.
351 2025 421 2088 Non
444 2024 528 2088 idem
553 2023 610 2088 tibi
635 2024 700 2113 sint
723 2025 858 2106 aliisque
882 2024 1042 2106 triumphi.

98 2132 152 2196 lv.
177 2131 201 2195 1.
228 2137 298 2197 lua.
345 2130 388 2194 Ut
412 2149 478 2194 mos
503 2136 552 2195 est
576 2130 633 2196 1111.

186 2239 252 2302 Ν66
281 2237 380 2302 solum
406 2241 534 2303 verbum
560 2238 797 2304 substantivum
822 2239 880 2304 tali
905 2241 996 2304 niodo
1020 2239 1192 2304 adhibetur
1211 2241 1268 2305 sed

97 2345 193 2409 etiam
218 2344 293 2417 6116,
317 2364 343 2408 6.
367 2363 397 2425 g.

97 2453 191 2517 cado:
237 2452 336 2516 ivr
416 2458 445 2516 4.
493 2453 539 2515 Ne
564 2451 622 2515 tibi
646 2451 777 2516 miranti
800 2473 890 2518 arma
914 2454 1040 2519 cadant.

98 2579 153 2623 eo:
238 2559 296 2622 111.
320 2563 350 2622 4.
397 2564 447 2622 ol.
494 2557 583 2642 Quae
608 2558 666 2622 tibi
690 2577 820 2624 securos
845 2579 907 2625 non
931 2560 1009 2625 sinit
1032 2564 1079 2626 ire
1103 2561 1181 2626 dies.

99 2684 211 2746 pasco:
236 2665 292 2728 lV.
320 2672 345 2728 1.
374 2665 442 2729 186.
489 2663 608 2745 Cuique
632 2684 728 2746 pecus
753 2667 938 2745 pascebant.

99 2791 195 2837 sorio:
235 2771 347 2836 1116.
395 2778 444 2837 36.
493 2772 558 2836 Ν66
587 2773 668 2837 beue
692 2770 840 2837 sollicitis
864 2771 954 2856 ebria
978 2763 1077 2838 verba
1101 2779 1227 2839 sonant.

187 2898 251 2962 Pro
283 2896 394 2964 dativo
427 2916 651 2978 nonuunquam
683 2897 873 2964 variationis
902 2899 1012 2980 gratia
1046 2899 1146 2964 locum
1171 2899 1270 2964 babet

100 3023 272 3085 pronomen
307 3004 540 3087 possessivum,
572 3023 652 3086 eg.
680 3006 736 3069 lV.
763 3013 789 3070 7.
818 3011 847 3070 4.
897 3005 1039 3087 „Attulit
1069 3005 1101 3070 iu
1127 3012 1272 3070 nostrum

100 3111 235 3187 sinum“,
258 3110 428 3191 genetivus
452 3116 557 3176 autem
583 3111 778 3192 pronominis
801 3111 932 3179 relativi
955 3113 1006 3179 vel
1024 3110 1272 3177 demonstrativi

99 3217 133 3282 in
165 3216 215 3280 bis
247 3215 438 3281 carminibus
471 3236 534 3282 nou
568 3217 738 3298 reperitur.
785 3218 949 3300 Vergilius
981 3238 1051 3285 cum
1080 3218 1207 3284 Tibullo
1238 3218 1271 3283 in

100 3322 280 3389 adhibendo
305 3325 363 3388 boc
386 3324 496 3389 dativo
516 3325 700 3406 plerumque
720 3325 880 3391 consentit
896 3345 934 3391 ac
950 3325 1122 3406 praecipue
1135 3330 1273 3412 uterque

101 3450 158 3510 pro
181 3429 333 3511 genetivo
357 3429 460 3493 utitur
483 3429 601 3495 dativo.
648 3431 812 3512 Vergilius
835 3438 942 3498 autem
967 3450 1004 3497 eo
1028 3434 1068 3497 ab
1093 3431 1273 3497 elocutione

100 3536 220 3601 Tibulli
243 3535 359 3619 differt,
383 3537 465 3618 quod
484 3555 709 3617 nonnunquam
728 3537 913 3618 genetivum
932 3538 1126 3620 pronominis
1143 3537 1299 3603 relativi·

101 3641 191 3722 ponit
225 3662 251 3707 6.
286 3662 316 3722 g.
352 3644 430 3707 Aen.
467 3649 547 3709 437:
589 3643 636 3725 „0
672 3643 845 3729 fortunati,
880 3664 1012 3726 quorum
1044 3646 1110 3727 jam
1146 3643 1286 3709 moenia·

102 3753 267 3829 surgunt.“

192 3871 331 3937 Verbum
356 3871 456 3954 igitur
479 3875 715 3942 substantivum
748 3876 911 3958 significat
945 3875 1095 3958 „dasein,
1127 3878 1274 3956 gegeben

103 3978 191 4043 sein“
226 3984 260 4043 et
292 3981 372 4044 haee
404 3979 491 4044 notio
524 3980 610 4046 clare
645 3981 848 4067 perspicitur,
883 3982 911 4047 si
935 3982 1111 4064 subjectum
1144 3987 1195 4046 est
1227 3981 1272 4046 in-

101 4085 262 4169 finitivuS,
286 4087 369 4152 sieut
392 4087 424 4153 in
449 4106 546 4153 versu
571 4088 626 4153 IV.
651 4095 679 4155 3.
704 4096 740 4155 2:
772 4091 857 4173 „Nec
882 4087 941 4153 tibi
965 4087 1008 4152 sit
1030 4087 1127 4153 duros
1151 4088 1275 4153 acuisse

103 4192 134 4257 in
159 4191 282 4272 proelia
306 4195 447 4259 dentes.“
493 4193 657 4277 Quomodo
680 4203 787 4261 autem
812 4215 865 4275 re,
889 4213 970 4274 quae
994 4200 1058 4274 est,
1083 4213 1196 4259 nomen
1221 4194 1275 4259 da·

103 4298 163 4364 tivi
187 4298 365 4382 afficiatur,
398 4319 460 4365 non
485 4306 649 4367 structura
672 4301 880 4384 exprimitur,
913 4300 970 4365 sed
993 4300 1156 4365 sententia
1179 4317 1275 4365 enun-

103 4405 184 4471 tiati.
232 4405 346 4471 Utrum
370 4405 471 4488 igitur
495 4426 529 4472 re
553 4407 743 4488 praedicata
767 4406 944 4490 efficiatur,
977 4414 1012 4470 ut
1034 4424 1148 4471 nomen
1174 4403 1276 4470 dativi

104 4511 147 4576 sit
172 4512 321 4594 judicans
354 4532 395 4576 au
427 4512 613 4593 possidens,
649 4533 691 4578 an
723 4513 828 4578 animo
859 4513 1014 4578 affectum
1043 4532 1091 4573 an
1115 4509 1294 4584 66166666
