2820 4920
602 284 824 345 ..33-

118 482 248 543 tantum
282 482 317 542 et
347 473 551 541 caerimoniis
581 474 772 559 observatis,
805 475 861 540 sed
896 475 1002 540 dicere
1035 476 1114 561 vult,
1155 477 1238 543 diem
1278 498 1299 543 a

83 588 88 595 '
118 582 213 649 nobis
236 583 292 665 agi
316 601 387 649 cum
410 601 520 648 amore
544 586 578 647 et
601 580 745 648 amicitia
769 581 891 647 intima.

210 690 274 755 Hic
293 688 423 756 dativus
439 687 634 753 creberrime
650 687 824 769 apponitur
839 687 1020 769 participiis
1037 688 1184 769 passivis
1230 691 1295 755 Ad-

119 796 304 864 notavimus
327 797 428 862 haec:

376 934 379 941 '
514 959 547 1018 a.
576 937 652 1039 loci
679 934 905 1020 Tibulliani.

141 1099 345 1180 )colendus:
371 1099 415 1164 ΙΙ
438 1104 469 1166 4.
495 1104 554 1164 ta:
600 1099 664 1164 Est
686 1097 778 1163 nobis
802 1098 954 1163 colendus
977 1116 1077 1164 amor.

141 1205 365 1288 )cupiendus:
389 1207 414 1272 Ι
439 1212 467 1271 8.
492 1212 548 1272 40:
596 1205 684 1270 Nulli
707 1204 752 1270 sit
775 1203 933 1285 cupienda
956 1204 1035 1272 viro

142 1312 399 1395 )evigilandus
423 1314 448 1377 Ι
474 1318 503 1377 8.
527 1318 586 1378 64:
611 1312 673 1376 uso
696 1310 773 1376 milri
798 1330 862 1376 nox
887 1310 962 1392 erig
941 1310 1084 1379 crilanda.

119 1421 153 1497 4)

121 1529 154 1605 5)

122 1107 136 1166 l

120 1214 139 1272 2

121 1319 139 1379 3

177 1418 653 1498 parandus:H212tA
677 1416 753 1482 mihi
777 1419 853 1483 sunt
876 1418 959 1482 dona
982 1418 1137 1498 paranda.

121 1523 366 1591 triolandus:
399 1526 488 1592 ΙΙ.4
466 1530 579 1592 4.24;
605 1525 715 1588 Venus
738 1529 789 1589 est
775 1522 964 1591 tviolanda
986 1522 1074 1588 mihi.

435 1719 469 1801 b.
498 1719 574 1802 loci
603 1716 989 1802 Pseudo-Tibulliani.

531 1882 566 1965 α)
590 1882 725 1947 verbum
747 1877 889 1944 finitum:

119 1989 176 2054 lV.
203 1996 230 2054 l.
257 1994 336 2053 119:
383 1987 623 2069 Compertumst
646 1985 732 2051 mihi.

254 2116 287 2196 β)
310 2111 493 2196 participia,
517 2131 599 2194 quae
623 2118 714 2177 stant
737 2131 795 2192 pro
819 2110 988 2176 enuntiato
1013 2111 1164 2177 relativo:

544 2222 573 2301 i)
597 2224 681 2301 part.
705 2218 764 2284 lut.
788 2236 891 2298 pass:

119 2328 181 2393 Ill.
205 2332 234 2394 4.
282 2333 341 2392 92:
365 2325 465 2391 Duris
489 2346 551 2392 non
577 2327 756 2392 habitanda
779 2326 898 2391 domus

118 2434 179 2500 ΙΙΙ.
206 2440 233 2499 5.
304 2439 340 2498 7:
364 2432 451 2498 Nulli
476 2435 664 2500 temeranda
687 2432 828 2500 virorum
853 2450 954 2498 sacra.

527 2544 557 2621 2)
580 2546 664 2621 part
687 2538 767 2622 peri.
791 2557 890 2620 pass:

119 2648 181 2727 ΙΙΙ,
205 2653 236 2713 4.
304 2654 342 2713 6:
365 2646 479 2711 'luscis
503 2651 581 2713 exta
604 2649 741 2729 probata
764 2645 852 2714 viris.

119 2755 177 2821 IV.
204 2761 231 2820 Ι.
259 2757 338 2820 139:
362 2754 509 2819 Theraeo
533 2754 629 2820 tellus
652 2755 786 2820 obsessa
809 2754 928 2820 colono.

415 3044 696 3164 Transitiva
732 3058 1011 3192 composito.

657 3279 683 3338 1.
709 3263 759 3338 au.

210 3396 318 3460 Verba
342 3414 413 3460 cum
437 3394 676 3478 praepositione
710 3399 790 3478 „ad‘
823 3400 998 3480 composita
1021 3402 1107 3483 apud
1130 3403 1291 3472 Tibullum

119 3502 236 3585 ubique
260 3521 331 3568 cum
356 3501 466 3568 dativo
490 3501 559 3569 sive
582 3523 739 3584 personae
772 3505 841 3572 sive
871 3506 920 3571 rei
944 3509 1189 3594 conjunguntur,
1213 3513 1291 3579 Ver-

119 3608 217 3691 gilius
240 3609 426 3691 plerumque
450 3608 575 3690 quidem
601 3611 711 3678 dativo
735 3612 845 3692 ulitur,
872 3614 929 3680 sed
953 3634 1176 3699 nonnunquam
1200 3639 1291 3699 prae-

121 3715 312 3797 positionem
334 3716 479 3782 admittit
502 3738 528 3783 e.
552 3737 583 3799 g.
607 3717 640 3782 in
665 3721 744 3784 Aen.
768 3719 819 3784 lV.
845 3725 899 3785 25:
932 3722 1064 3805 „adigat
1087 3743 1136 3790 me
1159 3723 1290 3792 fulmine

120 3822 163 3887 ad
186 3823 343 3902 umbras‚“
377 3822 488 3906 Georg
511 3825 566 3890 ΙΙΙ.
599 3832 682 3891 455:
724 3826 888 3909 „Medicas
919 3829 1073 3896 adhibere
1103 3849 1216 3897 manns
1248 3834 1289 3899 ad

120 3928 273 3994 vulnera“
302 3929 355 4010 (ci.
386 3936 498 3997 contra
528 3932 630 3997 locum
655 3933 866 4000 Pseudo-Tib.
896 3936 952 4001 IV.
976 3942 1005 4002 4.
1029 3943 1067 4003 4:
1098 3937 1290 4016 „Formosae

119 4034 259 4102 medices
283 4036 477 4119 adplicuisse
500 4040 653 4124 manns“)

122 4148 150 4207 1.
173 4142 274 4209 addo:
298 4143 341 4209 Π.
364 4151 394 4211 4.
418 4151 478 4211 42:
525 4146 690 4212 Flammae
714 4149 814 4215 addat
836 4168 959 4231 aquam.

120 4255 149 4314 2.
173 4247 314 4316 adduco:
338 4251 363 4316 Ι.
387 4258 416 4317 6.
441 4259 496 4318 59:
521 4253 612 4319 Haec
635 4253 712 4319 mihi
735 4261 769 4320 te
792 4255 931 4322 adducit.

121 4360 149 4421 3.
174 4354 290 4422 affero:
315 4356 340 4423 I.
366 4364 393 4423 7.
417 4363 476 4424 41:
499 4359 654 4441 Requiem
679 4361 868 4427 mortalibus
891 4363 995 4430 affert

295 4465 339 4529 ΙΙ.
363 4471 392 4530 4.
418 4472 476 4530 36;
501 4464 602 4546 Quale
628 4471 740 4533 bonum
765 4468 874 4535 mult-is
897 4472 1009 4538 attulit
1032 4474 1086 4540 ille
1110 4475 1210 4542 malis.
1304 4470 1307 4475 ’
