2820 4920
594 244 813 306 ...26-

517 433 607 518 Looi
633 433 881 519 Pseudo-Tib.

118 631 174 699 IV.
199 639 229 699 2.
275 639 308 699 3:
354 633 499 715 ignosco:
547 633 618 698 Hoc
641 633 751 700 Venus
774 632 930 716 ignoscet

117 739 178 806 III.
194 743 223 805 4.
248 744 303 805 35:
349 738 475 806 inludo:
539 739 630 806 'Palis
653 738 799 806 inludere
823 739 919 821 palla.

117 846 174 912 IV.
200 852 227 912 l.
253 851 329 911 135:
353 844 487 913 insisto:
542 845 671 929 Magnis
695 845 846 912 insistere
869 847 975 912 rebus.

206 954 308 1021 Casus
331 955 430 1021 verbo
452 953 614 1021 insidendi
636 953 805 1037 appositus
837 973 909 1022 esse
932 958 1041 1037 potest
1064 952 1208 1036 dativus
1239 957 1296 1023 sen

119 1060 239 1142 durbito
262 1081 303 1128 an
328 1061 371 1127 sit
394 1060 563 1130 ablativus,
608 1061 750 1128 Verbum
774 1067 882 1128 autem
905 1059 1056 1141 instandi,
1084 1063 1170 1143 quod
1194 1061 1296 1146 signi-

117 1168 193 1234 fieat
223 1166 394 1266 „ieiudlieh
425 1169 580 1252 losgeheu
613 1168 672 1236 aul
694 1170 851 1253 jemand,“
875 1173 909 1234 et
932 1167 1126 1251 ignoscendi,
1150 1171 1240 1251 quod
1262 1169 1294 1236 iu

117 1275 253 1341 Ps-Tib.
284 1274 347 1340 nisi
380 1276 526 1343 absolute
562 1295 625 1342 uon
656 1281 840 1358 usurpatur,
879 1294 950 1341 oum
990 1274 1100 1343 dativo
1131 1295 1294 1357 personae

118 1383 319 1466 conjunctum
351 1387 411 1448 est.
462 1383 559 1464 Apud
591 1383 769 1467 Vergilium
801 1402 865 1450 vox
887 1382 1032 1449 instandi
1059 1382 1193 1465 saepius
1219 1404 1293 1451 oon·

117 1493 254 1558 struitur
285 1509 355 1556 oum
389 1489 509 1575 dativo,
541 1492 599 1557 sed
638 1491 718 1557 Aen.
758 1490 848 1557 VIII.
886 1495 961 1575 434,
1000 1509 1070 1555 oum
1103 1490 1293 1559 accusativo

117 1603 173 1682 (ς
196 1617 379 1680 properare,
411 1598 553 1682 urgere),
586 1597 625 1663 cf.
656 1597 826 1680 Forblgeri
861 1599 967 1663 adnot.
999 1599 1040 1663 ad
1072 1598 1155 1662 huno
1188 1599 1293 1665 looum

469 1850 472 1855 ι
589 1817 617 1876 5.
640 1812 821 1892 procumbo,

5 1974 8 1979 ,
116 1920 143 1986 Ι.
167 1925 196 1986 2.
220 1925 271 1986 83.
318 1920 532 1986 Procumbere
556 1918 694 2000 templis.

205 2025 376 2093 Disseuius
407 2028 572 2108 complura
604 2027 698 2108 hujus
728 2044 805 2091 usus
835 2024 983 2105 exempla
1014 2024 1046 2090 in
1078 2024 1292 2091 adnotatione

117 2137 158 2201 ad
189 2136 273 2201 huuo
295 2135 398 2201 locum
421 2134 546 2200 laudat:
579 2152 605 2199 e.
632 2152 667 2214 g:
699 2131 817 2212 Sulpio.
841 2131 909 2196 Sat.
936 2131 973 2197 V.
1001 2137 1050 2213 17,
1075 2148 1196 2213 „purae
1222 2151 1292 2213 pro-

117 2243 266 2308 cumbere
289 2242 466 2324 lymphae.‘⁴

633 2354 660 2412 6.
684 2348 770 2413 sub.

601 2480 627 2538 l.
651 2490 809 2538 succurro

206 2580 277 2646 Hoo
309 2581 443 2648 verbum
473 2598 534 2646 uno
565 2580 634 2645 loeo
658 2578 780 2661 legitur
808 2579 833 2659 Ι,
864 2584 892 2644 3.
917 2585 976 2644 27;
1022 2577 1115 2643 Nnno
1138 2597 1293 2645 succurre

116 2686 202 2753 mihi.

588 2801 617 2858 2.
641 2811 816 2858 succresco.

134 2903 160 2969 I.
184 2907 212 2966 7.
237 2906 288 2968 55.
334 2899 380 2965 At
403 2899 463 2965 tibi
487 2904 670 2966 succrescat
692 2900 807 2982 proles.

588 3121 616 3180 3.
641 3115 820 3180 succumbo.

134 3241 159 3307 Ι.
184 3247 213 3307 8.
259 3246 289 3307 8.
335 3239 546 3306 Suooubnisse
570 3237 640 3304 sibi.

604 3458 633 3520 4.
658 3454 796 3519 subsum.

134 3583 159 3648 I.
184 3588 213 3648 9.
239 3587 288 3648 18.
334 3580 423 3646 Auro
445 3580 548 3645 multa
571 3581 703 3646 subesse
726 3578 821 3644 mala.

116 3690 159 3756 ΙΙ.
185 3694 212 3756 5.
238 3694 289 3756 27.
335 3687 473 3754 Suberat
495 3687 566 3754 Pan
588 3685 672 3753 ilicis
695 3688 836 3751 umbrae.

206 3798 279 3864 Huc
301 3797 460 3864 aooeduut
482 3797 544 3861 duo
568 3793 631 3860 looi
653 3791 906 3873 Ps.·Tibulliani‚
930 3791 1090 3860 videlieet.

116 3904 172 3971 IV.
198 3911 226 3971 1.
252 3909 327 3970 195:
373 3900 593 3988 ,‚Subsistero“
616 3899 740 3966 turmis.

116 4010 173 4076 IV.
198 4017 226 4077 3.
273 4017 329 4078 21:
376 4010 449 4076 Meo
473 4006 585 4074 furtim
608 4005 790 4089 „subrepis
812 4006 922 4075 amori.

205 4117 297 4183 Haeo
326 4119 496 4184 verborum
526 4119 690 4182 structura
724 4114 809 4195 apud
840 4113 921 4180 alios
953 4133 1076 4196 quoque
1110 4115 1289 4197 scriptores

116 4223 258 4290 usitatur
280 4223 461 4307 .(Draegeri
492 4223 517 4290 Ι.
545 4224 632 4304 419.)
679 4221 820 4287 Verbum
850 4225 958 4287 autem
981 4221 1177 4288 subsistendi
1200 4222 1289 4304 apud

41 4338 44 4342 '
116 4329 277 4409 Tibullum
301 4349 363 4396 nou
386 4329 497 4399 inveni
520 4334 555 4396 et
569 4347 680 4397 vocem
696 4327 891 4407 subrependi
906 4329 1124 4394 tantummodo
1140 4326 1289 4395 absolute

116 4441 304 4522 usurpatam
328 4437 365 4521 (I.
393 4444 417 4504 l.
443 4438 508 4522 ll.)
