<?xml version="1.0" encoding="UTF-8"?>
<!DOCTYPE html PUBLIC "-//W3C//DTD XHTML 1.0 Transitional//EN"
    "http://www.w3.org/TR/xhtml1/DTD/xhtml1-transitional.dtd">
<html xmlns="http://www.w3.org/1999/xhtml" xml:lang="en" lang="en">
 <head>
  <title>
</title>
<meta http-equiv="Content-Type" content="text/html;charset=utf-8" />
  <meta name='ocr-system' content='tesseract 3.04.00' />
  <meta name='ocr-capabilities' content='ocr_page ocr_carea ocr_par ocr_line ocrx_word'/>
</head>
<body>
  <div class='ocr_page' id='page_1' title='image "./dedativiusutibu00ibergoog_0053.png"; bbox 0 0 2820 4920; ppageno 0'>
   <div class='ocr_carea' id='block_1_1' title="bbox 592 254 810 314">
    <p class='ocr_par' dir='ltr' id='par_1_1' title="bbox 592 254 810 314">
     <span class='ocr_line' id='line_1_1' title="bbox 592 254 810 314; baseline 0.009 -17"><span class='ocrx_word' id='word_1_1' title='bbox 592 254 810 314; x_wconf 81' lang='grc'>..46-</span> 
     </span>
    </p>
   </div>
   <div class='ocr_carea' id='block_1_2' title="bbox 114 444 1355 3317">
    <p class='ocr_par' dir='ltr' id='par_1_2' title="bbox 115 444 1291 1493">
     <span class='ocr_line' id='line_1_2' title="bbox 191 444 1289 516; baseline 0.005 -6"><span class='ocrx_word' id='word_1_2' title='bbox 191 444 329 511; x_wconf 80' lang='lat' dir='ltr'>ileinde</span> <span class='ocrx_word' id='word_1_3' title='bbox 346 450 510 511; x_wconf 84' lang='lat' dir='ltr'>structura</span> <span class='ocrx_word' id='word_1_4' title='bbox 526 447 692 513; x_wconf 89' lang='lat' dir='ltr'>verborum</span> <span class='ocrx_word' id='word_1_5' title='bbox 708 446 948 513; x_wconf 90' lang='lat' dir='ltr'>transitivorum</span> <span class='ocrx_word' id='word_1_6' title='bbox 962 452 992 513; x_wconf 91' lang='lat' dir='ltr'>et</span> <span class='ocrx_word' id='word_1_7' title='bbox 1006 447 1289 516; x_wconf 88' lang='lat' dir='ltr'>intransitivorum</span> 
     </span>
     <span class='ocr_line' id='line_1_3' title="bbox 116 551 1290 637; baseline 0.005 -20"><span class='ocrx_word' id='word_1_8' title='bbox 116 551 304 633; x_wconf 90' lang='lat' dir='ltr'>simplicium</span> <span class='ocrx_word' id='word_1_9' title='bbox 330 553 440 619; x_wconf 81' lang='lat' dir='ltr'>eadam</span> <span class='ocrx_word' id='word_1_10' title='bbox 465 559 514 617; x_wconf 87' lang='lat' dir='ltr'>est</span> <span class='ocrx_word' id='word_1_11' title='bbox 537 560 672 634; x_wconf 86' lang='lat' dir='ltr'>excepto</span> <span class='ocrx_word' id='word_1_12' title='bbox 696 556 794 620; x_wconf 90' lang='lat' dir='ltr'>verbo</span> <span class='ocrx_word' id='word_1_13' title='bbox 818 555 971 635; x_wconf 88' lang='lat' dir='ltr'>certandi,</span> <span class='ocrx_word' id='word_1_14' title='bbox 995 555 1078 637; x_wconf 86' lang='lat' dir='ltr'>qrrod</span> <span class='ocrx_word' id='word_1_15' title='bbox 1094 555 1126 620; x_wconf 94' lang='lat' dir='ltr'>in</span> <span class='ocrx_word' id='word_1_16' title='bbox 1145 555 1290 623; x_wconf 87' lang='lat' dir='ltr'>Pseudo-</span> 
     </span>
     <span class='ocr_line' id='line_1_4' title="bbox 115 656 1290 746; baseline 0.007 -24"><span class='ocrx_word' id='word_1_17' title='bbox 115 656 183 723; x_wconf 92' lang='lat' dir='ltr'>Tib.</span> <span class='ocrx_word' id='word_1_18' title='bbox 216 661 257 724; x_wconf 89' lang='lat' dir='ltr'>ad</span> <span class='ocrx_word' id='word_1_19' title='bbox 290 660 470 742; x_wconf 78' lang='lat' dir='ltr'>analogiam</span> <span class='ocrx_word' id='word_1_20' title='bbox 505 659 634 743; x_wconf 85' lang='lat' dir='ltr'>linguae</span> <span class='ocrx_word' id='word_1_21' title='bbox 665 680 803 743; x_wconf 78' lang='lat' dir='ltr'>graecae</span> <span class='ocrx_word' id='word_1_22' title='bbox 836 681 905 727; x_wconf 89' lang='lat' dir='ltr'>cum</span> <span class='ocrx_word' id='word_1_23' title='bbox 930 661 1040 729; x_wconf 87' lang='lat' dir='ltr'>dativo</span> <span class='ocrx_word' id='word_1_24' title='bbox 1064 681 1165 744; x_wconf 86' lang='lat' dir='ltr'>aeque</span> <span class='ocrx_word' id='word_1_25' title='bbox 1189 669 1290 746; x_wconf 85' lang='lat' dir='ltr'>atque</span> 
     </span>
     <span class='ocr_line' id='line_1_5' title="bbox 115 766 1290 850; baseline 0.006 -20"><span class='ocrx_word' id='word_1_26' title='bbox 115 767 200 847; x_wconf 90' lang='lat' dir='ltr'>apud</span> <span class='ocrx_word' id='word_1_27' title='bbox 224 766 400 849; x_wconf 73' lang='lat' dir='ltr'>Tongilium</span> <span class='ocrx_word' id='word_1_28' title='bbox 426 768 644 850; x_wconf 71' lang='lat' dir='ltr'>conjungitur,</span> <span class='ocrx_word' id='word_1_29' title='bbox 678 768 820 850; x_wconf 81' lang='lat' dir='ltr'>itemque</span> <span class='ocrx_word' id='word_1_30' title='bbox 848 789 924 834; x_wconf 86' lang='lat' dir='ltr'>usus</span> <span class='ocrx_word' id='word_1_31' title='bbox 948 771 1115 836; x_wconf 89' lang='lat' dir='ltr'>verborum</span> <span class='ocrx_word' id='word_1_32' title='bbox 1141 770 1290 837; x_wconf 88' lang='lat' dir='ltr'>transiti-</span> 
     </span>
     <span class='ocr_line' id='line_1_6' title="bbox 116 873 1291 960; baseline 0.007 -23"><span class='ocrx_word' id='word_1_33' title='bbox 116 893 225 938; x_wconf 88' lang='lat' dir='ltr'>rorum</span> <span class='ocrx_word' id='word_1_34' title='bbox 259 873 502 955; x_wconf 83' lang='lat' dir='ltr'>compositorum</span> <span class='ocrx_word' id='word_1_35' title='bbox 535 876 619 956; x_wconf 88' lang='lat' dir='ltr'>apud</span> <span class='ocrx_word' id='word_1_36' title='bbox 653 881 765 955; x_wconf 73' lang='lat' dir='ltr'>primas</span> <span class='ocrx_word' id='word_1_37' title='bbox 789 876 873 940; x_wconf 87' lang='lat' dir='ltr'>idem</span> <span class='ocrx_word' id='word_1_38' title='bbox 897 882 954 960; x_wconf 86' lang='lat' dir='ltr'>est,</span> <span class='ocrx_word' id='word_1_39' title='bbox 986 875 1048 941; x_wconf 90' lang='lat' dir='ltr'>nisi</span> <span class='ocrx_word' id='word_1_40' title='bbox 1079 877 1163 957; x_wconf 76' lang='lat' dir='ltr'>qarod</span> <span class='ocrx_word' id='word_1_41' title='bbox 1187 878 1291 945; x_wconf 86' lang='lat' dir='ltr'>verba</span> 
     </span>
     <span class='ocr_line' id='line_1_7' title="bbox 115 981 1289 1065; baseline 0.005 -20"><span class='ocrx_word' id='word_1_42' title='bbox 115 1000 184 1045; x_wconf 85' lang='lat' dir='ltr'>cum</span> <span class='ocrx_word' id='word_1_43' title='bbox 218 1000 326 1062; x_wconf 86' lang='lat' dir='ltr'>praep.</span> <span class='ocrx_word' id='word_1_44' title='bbox 358 981 427 1065; x_wconf 86' lang='lat' dir='ltr'>„in“</span> <span class='ocrx_word' id='word_1_45' title='bbox 466 982 641 1063; x_wconf 84' lang='lat' dir='ltr'>rorrrposita</span> <span class='ocrx_word' id='word_1_46' title='bbox 673 989 804 1063; x_wconf 88' lang='lat' dir='ltr'>praeter</span> <span class='ocrx_word' id='word_1_47' title='bbox 835 982 976 1048; x_wconf 89' lang='lat' dir='ltr'>dativum</span> <span class='ocrx_word' id='word_1_48' title='bbox 1009 984 1040 1047; x_wconf 93' lang='lat' dir='ltr'>in</span> <span class='ocrx_word' id='word_1_49' title='bbox 1074 984 1289 1051; x_wconf 85' lang='lat' dir='ltr'>Pseudo-Tib.</span> 
     </span>
     <span class='ocr_line' id='line_1_8' title="bbox 115 1089 1291 1174; baseline 0.005 -23"><span class='ocrx_word' id='word_1_50' title='bbox 115 1089 290 1153; x_wconf 78' lang='lat' dir='ltr'>rvlrnittnnt</span> <span class='ocrx_word' id='word_1_51' title='bbox 314 1089 491 1155; x_wconf 76' lang='lat' dir='ltr'>ablativum</span> <span class='ocrx_word' id='word_1_52' title='bbox 516 1098 549 1155; x_wconf 92' lang='lat' dir='ltr'>et</span> <span class='ocrx_word' id='word_1_53' title='bbox 573 1091 689 1156; x_wconf 89' lang='lat' dir='ltr'>nudum</span> <span class='ocrx_word' id='word_1_54' title='bbox 714 1098 833 1155; x_wconf 90' lang='lat' dir='ltr'>etcum</span> <span class='ocrx_word' id='word_1_55' title='bbox 859 1090 1096 1171; x_wconf 79' lang='lat' dir='ltr'>praepositione</span> <span class='ocrx_word' id='word_1_56' title='bbox 1120 1090 1192 1174; x_wconf 89' lang='lat' dir='ltr'>„in“</span> <span class='ocrx_word' id='word_1_57' title='bbox 1216 1110 1291 1161; x_wconf 87' lang='lat' dir='ltr'>con·</span> 
     </span>
     <span class='ocr_line' id='line_1_9' title="bbox 117 1196 1291 1281; baseline 0.003 -21"><span class='ocrx_word' id='word_1_58' title='bbox 117 1197 263 1271; x_wconf 83' lang='lat' dir='ltr'>irrnctum.</span> <span class='ocrx_word' id='word_1_59' title='bbox 310 1196 463 1278; x_wconf 89' lang='lat' dir='ltr'>Denique,</span> <span class='ocrx_word' id='word_1_60' title='bbox 496 1200 577 1279; x_wconf 91' lang='lat' dir='ltr'>quod</span> <span class='ocrx_word' id='word_1_61' title='bbox 611 1198 729 1263; x_wconf 85' lang='lat' dir='ltr'>attinet</span> <span class='ocrx_word' id='word_1_62' title='bbox 760 1199 800 1263; x_wconf 89' lang='lat' dir='ltr'>ad</span> <span class='ocrx_word' id='word_1_63' title='bbox 824 1197 968 1264; x_wconf 89' lang='lat' dir='ltr'>dativum</span> <span class='ocrx_word' id='word_1_64' title='bbox 991 1196 1209 1264; x_wconf 88' lang='lat' dir='ltr'>substantivis</span> <span class='ocrx_word' id='word_1_65' title='bbox 1233 1218 1291 1281; x_wconf 90' lang='lat' dir='ltr'>ap-</span> 
     </span>
     <span class='ocr_line' id='line_1_10' title="bbox 116 1301 1290 1389; baseline 0.003 -22"><span class='ocrx_word' id='word_1_66' title='bbox 116 1301 261 1383; x_wconf 88' lang='lat' dir='ltr'>positum,</span> <span class='ocrx_word' id='word_1_67' title='bbox 280 1322 412 1384; x_wconf 89' lang='lat' dir='ltr'>perraro</span> <span class='ocrx_word' id='word_1_68' title='bbox 438 1304 517 1368; x_wconf 89' lang='lat' dir='ltr'>haec</span> <span class='ocrx_word' id='word_1_69' title='bbox 533 1310 697 1369; x_wconf 76' lang='lat' dir='ltr'>atrociora</span> <span class='ocrx_word' id='word_1_70' title='bbox 721 1305 820 1370; x_wconf 90' lang='lat' dir='ltr'>lorum</span> <span class='ocrx_word' id='word_1_71' title='bbox 848 1306 953 1369; x_wconf 84' lang='lat' dir='ltr'>babet.</span> <span class='ocrx_word' id='word_1_72' title='bbox 1000 1305 1109 1389; x_wconf 75' lang='lat' dir='ltr'>(Apud</span> <span class='ocrx_word' id='word_1_73' title='bbox 1126 1304 1290 1371; x_wconf 73' lang='lat' dir='ltr'>Tibullum</span> 
     </span>
     <span class='ocr_line' id='line_1_11' title="bbox 115 1409 623 1493; baseline 0.008 -21"><span class='ocrx_word' id='word_1_74' title='bbox 115 1409 276 1488; x_wconf 80' lang='lat' dir='ltr'>seutella</span> <span class='ocrx_word' id='word_1_75' title='bbox 303 1411 529 1477; x_wconf 85' lang='lat' dir='ltr'>Pseudo-Tib:</span> <span class='ocrx_word' id='word_1_76' title='bbox 555 1412 623 1493; x_wconf 81' lang='lat' dir='ltr'>bis.)</span> 
     </span>
    </p>

    <p class='ocr_par' dir='ltr' id='par_1_3' title="bbox 114 1517 1355 2135">
     <span class='ocr_line' id='line_1_12' title="bbox 204 1517 1295 1603; baseline 0.004 -22"><span class='ocrx_word' id='word_1_77' title='bbox 204 1517 266 1582; x_wconf 81' lang='lat' dir='ltr'>Sed</span> <span class='ocrx_word' id='word_1_78' title='bbox 299 1523 333 1580; x_wconf 90' lang='lat' dir='ltr'>nt</span> <span class='ocrx_word' id='word_1_79' title='bbox 364 1519 402 1581; x_wconf 89' lang='lat' dir='ltr'>de</span> <span class='ocrx_word' id='word_1_80' title='bbox 436 1517 748 1583; x_wconf 82' lang='lat' dir='ltr'>dissimilitudinilms</span> <span class='ocrx_word' id='word_1_81' title='bbox 780 1521 880 1584; x_wconf 86' lang='lat' dir='ltr'>verba</span> <span class='ocrx_word' id='word_1_82' title='bbox 911 1517 1035 1599; x_wconf 78' lang='lat' dir='ltr'>faciam,</span> <span class='ocrx_word' id='word_1_83' title='bbox 1064 1518 1221 1603; x_wconf 78' lang='lat' dir='ltr'>Tibullus,</span> <span class='ocrx_word' id='word_1_84' title='bbox 1257 1530 1295 1585; x_wconf 90' lang='lat' dir='ltr'>nt</span> 
     </span>
     <span class='ocr_line' id='line_1_13' title="bbox 115 1623 1294 1706; baseline 0.004 -18"><span class='ocrx_word' id='word_1_85' title='bbox 115 1623 260 1706; x_wconf 83' lang='lat' dir='ltr'>vidimus,</span> <span class='ocrx_word' id='word_1_86' title='bbox 285 1623 394 1689; x_wconf 90' lang='lat' dir='ltr'>dativo</span> <span class='ocrx_word' id='word_1_87' title='bbox 411 1625 529 1705; x_wconf 81' lang='lat' dir='ltr'>duplici</span> <span class='ocrx_word' id='word_1_88' title='bbox 554 1625 647 1691; x_wconf 91' lang='lat' dir='ltr'>unius</span> <span class='ocrx_word' id='word_1_89' title='bbox 665 1627 753 1691; x_wconf 89' lang='lat' dir='ltr'>verbi</span> <span class='ocrx_word' id='word_1_90' title='bbox 771 1645 866 1690; x_wconf 88' lang='lat' dir='ltr'>curae</span> <span class='ocrx_word' id='word_1_91' title='bbox 891 1625 1001 1705; x_wconf 90' lang='lat' dir='ltr'>utitur,</span> <span class='ocrx_word' id='word_1_92' title='bbox 1026 1625 1057 1691; x_wconf 93' lang='lat' dir='ltr'>in</span> <span class='ocrx_word' id='word_1_93' title='bbox 1076 1626 1294 1693; x_wconf 87' lang='lat' dir='ltr'>Pseudo-Tib.</span> 
     </span>
     <span class='ocr_line' id='line_1_14' title="bbox 115 1731 1295 1814; baseline 0.003 -18"><span class='ocrx_word' id='word_1_94' title='bbox 115 1732 241 1797; x_wconf 93' lang='lat' dir='ltr'>omnino</span> <span class='ocrx_word' id='word_1_95' title='bbox 265 1751 327 1796; x_wconf 90' lang='lat' dir='ltr'>non</span> <span class='ocrx_word' id='word_1_96' title='bbox 352 1731 514 1812; x_wconf 86' lang='lat' dir='ltr'>reperitur</span> <span class='ocrx_word' id='word_1_97' title='bbox 538 1733 616 1798; x_wconf 90' lang='lat' dir='ltr'>baec</span> <span class='ocrx_word' id='word_1_98' title='bbox 639 1738 811 1797; x_wconf 87' lang='lat' dir='ltr'>structura.</span> <span class='ocrx_word' id='word_1_99' title='bbox 859 1732 983 1798; x_wconf 85' lang='lat' dir='ltr'>Deinde</span> <span class='ocrx_word' id='word_1_100' title='bbox 1009 1734 1162 1814; x_wconf 87' lang='lat' dir='ltr'>pleraque</span> <span class='ocrx_word' id='word_1_101' title='bbox 1187 1735 1295 1800; x_wconf 87' lang='lat' dir='ltr'>verba</span> 
     </span>
     <span class='ocr_line' id='line_1_15' title="bbox 114 1839 1293 1921; baseline 0.001 -17"><span class='ocrx_word' id='word_1_102' title='bbox 114 1839 324 1906; x_wconf 77' lang='lat' dir='ltr'>intransitiva</span> <span class='ocrx_word' id='word_1_103' title='bbox 355 1840 532 1921; x_wconf 86' lang='lat' dir='ltr'>composita</span> <span class='ocrx_word' id='word_1_104' title='bbox 555 1839 674 1906; x_wconf 89' lang='lat' dir='ltr'>Tibulli</span> <span class='ocrx_word' id='word_1_105' title='bbox 704 1840 736 1905; x_wconf 92' lang='lat' dir='ltr'>in</span> <span class='ocrx_word' id='word_1_106' title='bbox 766 1839 977 1906; x_wconf 87' lang='lat' dir='ltr'>Pseudo-Tib.</span> <span class='ocrx_word' id='word_1_107' title='bbox 1005 1843 1072 1906; x_wconf 73' lang='lat' dir='ltr'>‘non</span> <span class='ocrx_word' id='word_1_108' title='bbox 1106 1847 1293 1921; x_wconf 86' lang='lat' dir='ltr'>occurrunt,</span> 
     </span>
     <span class='ocr_line' id='line_1_16' title="bbox 115 1932 1355 2031; baseline -0.001 -19"><span class='ocrx_word' id='word_1_109' title='bbox 115 1948 167 2012; x_wconf 92' lang='lat' dir='ltr'>ubi</span> <span class='ocrx_word' id='word_1_110' title='bbox 199 1948 418 2013; x_wconf 89' lang='lat' dir='ltr'>tantummodo</span> <span class='ocrx_word' id='word_1_111' title='bbox 449 1948 591 2031; x_wconf 84' lang='lat' dir='ltr'>verbnm,</span> <span class='ocrx_word' id='word_1_112' title='bbox 624 1950 706 2029; x_wconf 76' lang='lat' dir='ltr'>qarod</span> <span class='ocrx_word' id='word_1_113' title='bbox 738 1955 789 2013; x_wconf 75' lang='lat' dir='ltr'>est,</span> <span class='ocrx_word' id='word_1_114' title='bbox 819 1949 940 2026; x_wconf 89' lang='lat' dir='ltr'>adsum,</span> <span class='ocrx_word' id='word_1_115' title='bbox 973 1966 1041 2012; x_wconf 89' lang='lat' dir='ltr'>cum</span> <span class='ocrx_word' id='word_1_116' title='bbox 1076 1932 1186 2013; x_wconf 88' lang='lat' dir='ltr'>dativo</span> <span class='ocrx_word' id='word_1_117' title='bbox 1218 1967 1294 2013; x_wconf 91' lang='lat' dir='ltr'>con-</span> <span class='ocrx_word' id='word_1_118' title='bbox 1352 2005 1355 2011; x_wconf 88' lang='lat'><em>.</em></span> 
     </span>
     <span class='ocr_line' id='line_1_17' title="bbox 115 2053 416 2135; baseline -0.003 -16"><span class='ocrx_word' id='word_1_119' title='bbox 115 2056 254 2135; x_wconf 80' lang='lat' dir='ltr'>irritatum</span> <span class='ocrx_word' id='word_1_120' title='bbox 280 2053 416 2119; x_wconf 88' lang='lat' dir='ltr'>obvenit.</span> 
     </span>
    </p>

    <p class='ocr_par' dir='ltr' id='par_1_4' title="bbox 114 2160 1295 2673">
     <span class='ocr_line' id='line_1_18' title="bbox 171 2160 1295 2244; baseline 0 -17"><span class='ocrx_word' id='word_1_121' title='bbox 171 2191 177 2202; x_wconf 94' lang='lat'><strong>·</strong></span> <span class='ocrx_word' id='word_1_122' title='bbox 204 2163 311 2228; x_wconf 78' lang='lat' dir='ltr'>Etiam</span> <span class='ocrx_word' id='word_1_123' title='bbox 345 2180 402 2227; x_wconf 89' lang='lat' dir='ltr'>usu</span> <span class='ocrx_word' id='word_1_124' title='bbox 436 2160 538 2227; x_wconf 90' lang='lat' dir='ltr'>dativi</span> <span class='ocrx_word' id='word_1_125' title='bbox 569 2181 589 2226; x_wconf 90' lang='lat' dir='ltr'>a</span> <span class='ocrx_word' id='word_1_126' title='bbox 620 2162 730 2226; x_wconf 88' lang='lat' dir='ltr'>formis</span> <span class='ocrx_word' id='word_1_127' title='bbox 762 2162 901 2241; x_wconf 83' lang='lat' dir='ltr'>passivis</span> <span class='ocrx_word' id='word_1_128' title='bbox 934 2160 1145 2242; x_wconf 87' lang='lat' dir='ltr'>dependentis</span> <span class='ocrx_word' id='word_1_129' title='bbox 1181 2160 1295 2244; x_wconf 89' lang='lat' dir='ltr'>aliquo</span> 
     </span>
     <span class='ocr_line' id='line_1_19' title="bbox 115 2262 1294 2350; baseline 0.001 -17"><span class='ocrx_word' id='word_1_130' title='bbox 115 2271 205 2334; x_wconf 91' lang='lat' dir='ltr'>modo</span> <span class='ocrx_word' id='word_1_131' title='bbox 230 2270 389 2347; x_wconf 85' lang='lat' dir='ltr'>differant,</span> <span class='ocrx_word' id='word_1_132' title='bbox 414 2288 483 2333; x_wconf 88' lang='lat' dir='ltr'>cum</span> <span class='ocrx_word' id='word_1_133' title='bbox 508 2269 539 2333; x_wconf 92' lang='lat' dir='ltr'>in</span> <span class='ocrx_word' id='word_1_134' title='bbox 560 2262 775 2334; x_wconf 55' lang='lat' dir='ltr'>&#39;Pseudo-Tib.</span> <span class='ocrx_word' id='word_1_135' title='bbox 800 2288 859 2333; x_wconf 93' lang='lat' dir='ltr'>non</span> <span class='ocrx_word' id='word_1_136' title='bbox 886 2269 987 2334; x_wconf 88' lang='lat' dir='ltr'>solnm</span> <span class='ocrx_word' id='word_1_137' title='bbox 1012 2274 1094 2350; x_wconf 90' lang='lat' dir='ltr'>part.</span> <span class='ocrx_word' id='word_1_138' title='bbox 1118 2268 1176 2334; x_wconf 82' lang='lat' dir='ltr'>fut.</span> <span class='ocrx_word' id='word_1_139' title='bbox 1203 2288 1294 2349; x_wconf 79' lang='lat' dir='ltr'>pase.</span> 
     </span>
     <span class='ocr_line' id='line_1_20' title="bbox 116 2371 1294 2461; baseline 0.001 -21"><span class='ocrx_word' id='word_1_140' title='bbox 116 2376 307 2457; x_wconf 87' lang='lat' dir='ltr'>reperiatur,</span> <span class='ocrx_word' id='word_1_141' title='bbox 340 2377 395 2441; x_wconf 89' lang='lat' dir='ltr'>sed</span> <span class='ocrx_word' id='word_1_142' title='bbox 430 2375 526 2440; x_wconf 88' lang='lat' dir='ltr'>etiam</span> <span class='ocrx_word' id='word_1_143' title='bbox 544 2394 713 2455; x_wconf 88' lang='lat' dir='ltr'>praesens</span> <span class='ocrx_word' id='word_1_144' title='bbox 746 2394 831 2456; x_wconf 89' lang='lat' dir='ltr'>pass.</span> <span class='ocrx_word' id='word_1_145' title='bbox 868 2375 1098 2461; x_wconf 88' lang='lat' dir='ltr'>(celebrantur)</span> <span class='ocrx_word' id='word_1_146' title='bbox 1134 2371 1177 2440; x_wconf 75' lang='lat' dir='ltr'>et&#39;</span> <span class='ocrx_word' id='word_1_147' title='bbox 1208 2377 1294 2459; x_wconf 78' lang='lat' dir='ltr'>peri,</span> 
     </span>
     <span class='ocr_line' id='line_1_21' title="bbox 114 2473 1292 2566; baseline 0.002 -18"><span class='ocrx_word' id='word_1_148' title='bbox 114 2501 199 2564; x_wconf 89' lang='lat' dir='ltr'>pass.</span> <span class='ocrx_word' id='word_1_149' title='bbox 233 2490 266 2547; x_wconf 92' lang='lat' dir='ltr'>et</span> <span class='ocrx_word' id='word_1_150' title='bbox 296 2490 379 2563; x_wconf 89' lang='lat' dir='ltr'>part.</span> <span class='ocrx_word' id='word_1_151' title='bbox 413 2482 492 2563; x_wconf 88' lang='lat' dir='ltr'>perf.</span> <span class='ocrx_word' id='word_1_152' title='bbox 516 2501 610 2566; x_wconf 86' lang='lat' dir='ltr'>pass,</span> <span class='ocrx_word' id='word_1_153' title='bbox 639 2482 685 2548; x_wconf 89' lang='lat' dir='ltr'>ita</span> <span class='ocrx_word' id='word_1_154' title='bbox 713 2489 750 2547; x_wconf 87' lang='lat' dir='ltr'>ut</span> <span class='ocrx_word' id='word_1_155' title='bbox 773 2473 832 2548; x_wconf 82' lang='lat' dir='ltr'>lioc</span> <span class='ocrx_word' id='word_1_156' title='bbox 856 2503 914 2549; x_wconf 91' lang='lat' dir='ltr'>usu</span> <span class='ocrx_word' id='word_1_157' title='bbox 938 2488 1088 2549; x_wconf 86' lang='lat' dir='ltr'>auctores</span> <span class='ocrx_word' id='word_1_158' title='bbox 1112 2482 1292 2549; x_wconf 87' lang='lat' dir='ltr'>carminum</span> 
     </span>
     <span class='ocr_line' id='line_1_22' title="bbox 116 2586 1244 2673; baseline 0.001 -19"><span class='ocrx_word' id='word_1_159' title='bbox 116 2589 324 2656; x_wconf 90' lang='lat' dir='ltr'>Pseudo-Tib.</span> <span class='ocrx_word' id='word_1_160' title='bbox 349 2609 417 2655; x_wconf 89' lang='lat' dir='ltr'>cum</span> <span class='ocrx_word' id='word_1_161' title='bbox 443 2589 587 2673; x_wconf 83' lang='lat' dir='ltr'>Vergilio</span> <span class='ocrx_word' id='word_1_162' title='bbox 612 2590 718 2671; x_wconf 90' lang='lat' dir='ltr'>potins</span> <span class='ocrx_word' id='word_1_163' title='bbox 741 2595 929 2672; x_wconf 82' lang='lat' dir='ltr'>corigruant.</span> <span class='ocrx_word' id='word_1_164' title='bbox 1240 2586 1244 2595; x_wconf 86' lang='lat'>&#39;</span> 
     </span>
    </p>

    <p class='ocr_par' dir='ltr' id='par_1_5' title="bbox 116 2696 1294 2886">
     <span class='ocr_line' id='line_1_23' title="bbox 204 2696 1294 2780; baseline 0.001 -17"><span class='ocrx_word' id='word_1_165' title='bbox 204 2698 349 2780; x_wconf 86' lang='lat' dir='ltr'>Denique</span> <span class='ocrx_word' id='word_1_166' title='bbox 388 2699 471 2779; x_wconf 85' lang='lat' dir='ltr'>qrrod</span> <span class='ocrx_word' id='word_1_167' title='bbox 504 2696 624 2763; x_wconf 89' lang='lat' dir='ltr'>attinet</span> <span class='ocrx_word' id='word_1_168' title='bbox 656 2698 697 2762; x_wconf 89' lang='lat' dir='ltr'>ad</span> <span class='ocrx_word' id='word_1_169' title='bbox 739 2716 826 2761; x_wconf 87' lang='lat' dir='ltr'>nsum</span> <span class='ocrx_word' id='word_1_170' title='bbox 863 2696 1104 2779; x_wconf 87' lang='lat' dir='ltr'>adjectivorum,</span> <span class='ocrx_word' id='word_1_171' title='bbox 1136 2697 1294 2778; x_wconf 82' lang='lat' dir='ltr'>pleraque</span> 
     </span>
     <span class='ocr_line' id='line_1_24' title="bbox 116 2803 959 2886; baseline -0.001 -18"><span class='ocrx_word' id='word_1_172' title='bbox 116 2810 191 2869; x_wconf 88' lang='lat' dir='ltr'>sunt</span> <span class='ocrx_word' id='word_1_173' title='bbox 215 2805 279 2870; x_wconf 91' lang='lat' dir='ltr'>alia</span> <span class='ocrx_word' id='word_1_174' title='bbox 303 2808 387 2886; x_wconf 88' lang='lat' dir='ltr'>apud</span> <span class='ocrx_word' id='word_1_175' title='bbox 412 2805 579 2883; x_wconf 90' lang='lat' dir='ltr'>Tibullum,</span> <span class='ocrx_word' id='word_1_176' title='bbox 605 2804 669 2868; x_wconf 89' lang='lat' dir='ltr'>alia</span> <span class='ocrx_word' id='word_1_177' title='bbox 693 2803 724 2867; x_wconf 92' lang='lat' dir='ltr'>in</span> <span class='ocrx_word' id='word_1_178' title='bbox 749 2803 959 2869; x_wconf 88' lang='lat' dir='ltr'>Pseudo-Tib.</span> 
     </span>
    </p>

    <p class='ocr_par' dir='ltr' id='par_1_6' title="bbox 116 2909 1293 3317">
     <span class='ocr_line' id='line_1_25' title="bbox 205 2909 1293 2994; baseline 0.001 -17"><span class='ocrx_word' id='word_1_179' title='bbox 205 2911 295 2994; x_wconf 76' lang='lat' dir='ltr'>Quae</span> <span class='ocrx_word' id='word_1_180' title='bbox 328 2912 433 2976; x_wconf 91' lang='lat' dir='ltr'>omnia</span> <span class='ocrx_word' id='word_1_181' title='bbox 466 2912 493 2976; x_wconf 90' lang='lat' dir='ltr'>si</span> <span class='ocrx_word' id='word_1_182' title='bbox 524 2910 556 2975; x_wconf 92' lang='lat' dir='ltr'>in</span> <span class='ocrx_word' id='word_1_183' title='bbox 581 2928 675 2975; x_wconf 93' lang='lat' dir='ltr'>unum</span> <span class='ocrx_word' id='word_1_184' title='bbox 700 2909 896 2993; x_wconf 75' lang='lat' dir='ltr'>colligamus</span> <span class='ocrx_word' id='word_1_185' title='bbox 921 2910 1067 2976; x_wconf 82' lang='lat' dir='ltr'>Tibullus</span> <span class='ocrx_word' id='word_1_186' title='bbox 1097 2910 1225 2977; x_wconf 88' lang='lat' dir='ltr'>videtur</span> <span class='ocrx_word' id='word_1_187' title='bbox 1249 2932 1293 2978; x_wconf 86' lang='lat' dir='ltr'>ex</span> 
     </span>
     <span class='ocr_line' id='line_1_26' title="bbox 117 3017 1291 3102; baseline 0.001 -19"><span class='ocrx_word' id='word_1_188' title='bbox 117 3018 261 3102; x_wconf 80' lang='lat' dir='ltr'>Vergilio</span> <span class='ocrx_word' id='word_1_189' title='bbox 284 3018 352 3084; x_wconf 88' lang='lat' dir='ltr'>fere</span> <span class='ocrx_word' id='word_1_190' title='bbox 375 3020 517 3099; x_wconf 88' lang='lat' dir='ltr'>pendere</span> <span class='ocrx_word' id='word_1_191' title='bbox 541 3023 575 3084; x_wconf 89' lang='lat' dir='ltr'>ct</span> <span class='ocrx_word' id='word_1_192' title='bbox 598 3024 743 3084; x_wconf 88' lang='lat' dir='ltr'>auctores</span> <span class='ocrx_word' id='word_1_193' title='bbox 768 3017 941 3084; x_wconf 89' lang='lat' dir='ltr'>carminum</span> <span class='ocrx_word' id='word_1_194' title='bbox 960 3017 1181 3096; x_wconf 81' lang='lat' dir='ltr'>Pseudo-Tib,</span> <span class='ocrx_word' id='word_1_195' title='bbox 1204 3019 1291 3099; x_wconf 88' lang='lat' dir='ltr'>quod</span> 
     </span>
     <span class='ocr_line' id='line_1_27' title="bbox 116 3124 1292 3207; baseline 0 -16"><span class='ocrx_word' id='word_1_196' title='bbox 116 3127 235 3192; x_wconf 87' lang='lat' dir='ltr'>attinet</span> <span class='ocrx_word' id='word_1_197' title='bbox 266 3129 306 3192; x_wconf 91' lang='lat' dir='ltr'>ad</span> <span class='ocrx_word' id='word_1_198' title='bbox 332 3145 421 3191; x_wconf 90' lang='lat' dir='ltr'>nsum</span> <span class='ocrx_word' id='word_1_199' title='bbox 445 3125 555 3207; x_wconf 85' lang='lat' dir='ltr'>dativi,</span> <span class='ocrx_word' id='word_1_200' title='bbox 584 3124 721 3192; x_wconf 80' lang='lat' dir='ltr'>maxime</span> <span class='ocrx_word' id='word_1_201' title='bbox 745 3125 870 3191; x_wconf 89' lang='lat' dir='ltr'>Tibullo</span> <span class='ocrx_word' id='word_1_202' title='bbox 894 3144 968 3191; x_wconf 90' lang='lat' dir='ltr'>usos</span> <span class='ocrx_word' id='word_1_203' title='bbox 996 3143 1068 3190; x_wconf 89' lang='lat' dir='ltr'>esse</span> <span class='ocrx_word' id='word_1_204' title='bbox 1091 3125 1170 3191; x_wconf 88' lang='lat' dir='ltr'>duce</span> <span class='ocrx_word' id='word_1_205' title='bbox 1193 3124 1292 3192; x_wconf 78' lang='lat' dir='ltr'>facile</span> 
     </span>
     <span class='ocr_line' id='line_1_28' title="bbox 116 3232 984 3317; baseline -0.003 -17"><span class='ocrx_word' id='word_1_206' title='bbox 116 3235 321 3317; x_wconf 83' lang='lat' dir='ltr'>reperiemus,</span> <span class='ocrx_word' id='word_1_207' title='bbox 346 3233 451 3298; x_wconf 90' lang='lat' dir='ltr'>rarius</span> <span class='ocrx_word' id='word_1_208' title='bbox 475 3233 522 3298; x_wconf 91' lang='lat' dir='ltr'>illi</span> <span class='ocrx_word' id='word_1_209' title='bbox 548 3232 773 3314; x_wconf 80' lang='lat' dir='ltr'>praeposuisse</span> <span class='ocrx_word' id='word_1_210' title='bbox 797 3233 984 3314; x_wconf 83' lang='lat' dir='ltr'>Vergilium.</span> 
     </span>
    </p>
   </div>
   <div class='ocr_carea' id='block_1_3' title="bbox 0 0 1414 4920">
    <p class='ocr_par' dir='ltr' id='par_1_7' title="bbox 0 0 1414 4920">
     <span class='ocr_line' id='line_1_29' title="bbox 0 0 1414 4920; baseline 0 0"><span class='ocrx_word' id='word_1_211' title='bbox 0 0 1414 4920; x_wconf 95' lang='lat' dir='ltr'> </span> 
     </span>
    </p>
   </div>
  </div>
 </body>
</html>
