2820 4920
598 242 818 303 ..32..

146 437 177 516 1)
199 453 346 518 propero.
369 433 426 500 IV.
451 440 479 500 1.
505 437 582 500 aot:
607 432 751 500 Celerem
776 436 930 516 properat
953 432 1030 499 mihi
1058 435 1209 501 mortem.

145 541 180 627 2)
204 542 334 626 relego:
357 541 412 608 IV.
438 548 465 607 6.
486 547 515 607 5.
560 540 684 608 Causas
706 539 776 627 tibi,
799 539 884 623 diva,
907 540 1044 624 relegat.
1099 530 1102 537 ’

145 649 180 736 3)
203 654 331 717 statuo:
354 648 409 715 IV.
436 651 463 715 l.
488 654 562 715 203.
608 647 690 715 Mihi
713 652 860 715 statuent
881 648 985 716 finem.

143 760 177 840 4)
201 756 324 824 tribuo:
348 756 404 822 lV.
431 762 457 820 1..
485 761 556 822 192.
603 753 676 821 'libi
708 754 809 821 Pierii
840 754 1023 823 tribuentur
1045 758 1198 823 honores.

120 865 176 931 IV.
201 871 232 931 4.
257 871 307 929 19.
352 864 440 929 Laus
455 882 574 946 magna
594 861 655 928 tibi
678 861 840 929 tribuetur
863 862 896 928 in
920 881 982 930 uno
1005 882 1140 947 corpore
1163 870 1297 935 servato

201 969 369 1038 restituise
392 970 480 1038 duos.

209 1081 247 1144 ln
272 1095 369 1147 versu
391 1077 447 1144 IV.
471 1084 501 1143 4.
528 1084 566 1143 19
591 1097 650 1160 pro
676 1077 787 1147 dativo
812 1077 859 1144 rei
891 1077 1027 1161 legimus
1050 1077 1295 1165 nominativum,

120 1191 157 1254 ut
178 1184 249 1253 fieri
272 1185 364 1270 solet,
396 1184 450 1252 nbi
482 1186 660 1269 subjectum
693 1191 743 1253 est
766 1185 952 1253 infinitivus
1009 1184 1145 1253 Omnino
1168 1172 1205 1253 i'n
1229 1188 1295 1255 Ps-

119 1292 311 1361 Tibullianis
327 1292 470 1360 dativum
488 1292 646 1374 duplicem
662 1311 725 1359 non
743 1311 919 1374 occurrere,
939 1293 1007 1376 J'am
1023 1311 1122 1375 supra
1138 1293 1295 1361 monitum

120 1406 172 1467 est
194 1400 283 1487 (pag.
309 1403 371 1483 15).

208 1507 363 1589 Denique,
395 1507 478 1589 quod
511 1506 631 1573 attinet
660 1509 701 1574 ad
734 1508 867 1575 verbnm
891 1507 1045 1590 querendi
1072 1508 1105 1575 in
1129 1527 1232 1577 versu
1254 1511 1296 1577 II.

120 1623 149 1683 6.
174 1620 234 1682 34:
257 1614 320 1697 „nt
343 1632 415 1680 mea
438 1631 509 1680 cum
533 1620 621 1681 nruto
639 1614 709 1682 lata
729 1634 847 1696 querar
870 1614 1006 1694 cinere‚“
1029 1616 1109 1683 haec
1128 1620 1297 1685 structura

120 1722 232 1789 eadem
255 1724 315 1802 est,
346 1739 439 1803 quarn
475 1722 534 1787 sub
566 1722 666 1790 verbo
697 1720 824 1788 dicendi
848 1721 881 1787 11
904 1741 978 1805 pag.
1004 1728 1199 1791 2811115
1225 1744 1297 1808 rep·

119 1828 270 1912 perimus.

206 1937 381 2020 Postquam
405 1937 445 2004 de
468 1936 577 2005 verbis
600 1936 798 2018 simplicibus
820 1942 997 2005 tractatum
1021 1941 1080 2019 est,
1108 1936 1210 2004 liceat
1235 1940 1297 2007 hoc

119 2046 187 2115 loco
219 2044 339 2128 aliquid
371 2045 411 2111 de
441 2043 551 2112 dativo
585 2062 655 2110 oum
687 2044 827 2126 passivis
859 2045 970 2112 formis
1006 2045 1178 2114 verborum
1221 2045 1297 2113 sim-

118 2152 248 2235 plicium
272 2154 441 2236 conJuncto
464 2150 619 2233 prolerre.

208 2263 256 2328 Ac
286 2259 423 2344 primum
455 2257 582 2341 quidem
614 2258 806 2325 monendum
838 2258 967 2326 videtur
1004 2260 1089 2342 apud
1130 2252 1296 2328 Tibullum

117 2370 219 2437 verba
245 2366 379 2450 passiva
411 2385 481 2433 cum
514 2364 624 2433 dativo
658 2365 828 2449 conjuncta
859 2368 1079 2434 tantummodo
1112 2366 1144 2433 in
1179 2366 1296 2435 formis

117 2473 290 2559 gerundivi
313 2472 465 2541 obvenire
490 2472 635 2556 exceptis
659 2474 783 2540 duobus
807 2474 886 2541 locis
908 2476 934 2540 Ι.
959 2482 987 2541 9.
1014 2480 1064 2555 71,
1088 2475 1141 2541 uhi
1165 2480 1297 2545 exstat:

117 2583 205 2668 „Non
239 2580 299 2648 tibi
328 2581 400 2649 vult
431 2580 516 2649 bella
546 2581 667 2650 videri“
691 2588 725 2648 et
747 2582 803 2648 IV.
831 2588 879 2648 13.
906 2590 934 2649 b.
979 2584 1017 2648 ln
1041 2581 1301 2651 Pseudo-uibus

117 2689 214 2757 liania
247 2693 355 2756 autem
392 2687 476 2756 aliae
510 2708 634 2773 quoque
669 2688 792 2755 iormae
827 2695 1008 2774 occurrunt,
1048 2688 1203 2759 videlicet
1243 2690 1296 2757 bis

117 2815 272 2879 praesens
296 2796 419 2879 passivi
443 2800 581 2878 (agatur,
606 2795 832 2879 celebrantur),
857 2796 955 2862 semel
971 2796 1151 2879 perfectum
1167 2795 1296 2881 passivi

117 2906 378 2987 <compertumst)‚
410 2901 460 2968 bis
492 2904 575 2983 part.
608 2900 688 2983 peri.
720 2920 805 2984 pass.
852 2903 925 2986 (lll.
948 2908 979 2970 4.
1005 2911 1039 2987 63
1072 2904 1128 2971 lV.
1154 2910 1181 2971 l.
1208 2906 1297 2986 139.)

115 3013 212 3095 Apud
245 3009 424 3095 Vergilium
454 3007 590 3091 denique
621 3010 673 3077 vel
705 3016 788 3094 part.
820 3010 878 3077 fut.
911 3029 996 3092 pass.
1027 3012 1079 3078 vel
1112 3008 1296 3093 perlectum

116 3139 201 3201 pass.
225 3119 278 3187 vel
301 3116 366 3186 alia
391 3123 538 3199 tempora
561 3116 686 3200 passivi
711 3136 781 3184 cum
804 3116 915 3185 dativo
939 3119 1185 3202 conjunguntur.

204 3226 364 3308 Exempla
396 3229 505 3293 autem
528 3224 675 3302 Pania
718 3223 772 3290 ubi
812 3226 946 3293 verbum
986 3226 1111 3298 finitum
1151 3223 1296 3307 obvenit,

117 3334 195 3400 haec
218 3338 312 3400 sunt:
847 3393 851 3401 .

115 3441 176 3507 Ill.
194 3447 222 3507 5.
246 3446 307 3508 292
351 3443 397 3508 At
419 3439 510 3509 vobis
533 3438 658 3506 'Priscae
682 3438 887 3507 celebrantur
918 3440 1049 3508 numina
1071 3440 1234 3525 lymphae,

115 3548 171 3615 IV.
196 3555 226 3616 9.
251 3554 286 3615 3:
332 3547 488 3617 Omnibus
511 3545 566 3613 ille
590 3545 659 3615 dies
682 3545 774 3614 nohis
798 3546 918 3614 natalis
942 3551 1069 3629 agatur.

204 3689 358 3757 Videmus
382 3689 433 3756 his
456 3689 535 3757 locis
559 3688 704 3758 dativum
738 3708 808 3756 cum
831 3687 962 3772 passivo
992 3691 1204 3776 conjunctum,
1237 3688 1296 3770 qui

117 3815 193 3864 usus
217 3796 345 3882 etipse
369 3815 410 3864 ex
433 3795 588 3878 primaria
612 3794 716 3864 dativi
738 3795 846 3862 indole
870 3797 1034 3865 ducendus
1057 3800 1116 3878 est,
1140 3793 1297 3863 11111111

115 3903 231 3985 dicere,
267 3923 339 3971 eum
370 3923 429 3986 pro
460 3901 603 3971 ablativo
627 3906 661 3970 et
683 3902 925 3986 praepositione
949 3903 1107 3988 usurpari.
1155 3901 1295 3971 Multum

115 4009 200 4076 enim
231 4010 369 4078 interest
400 4010 487 4079 inter
516 4014 710 4078 structuram
735 4016 911 4094 utramque.
957 4010 1110 4080 Ablativo
1135 4007 1296 4092 exprime·

114 4120 215 4197 retur,
238 4136 306 4184 rem
331 4116 525 4198 mechanico,
548 4115 678 4184 silicet
701 4117 817 4200 dicere,
853 4119 1031 4200 perlectam
1063 4138 1135 4185 esse
1167 4120 1209 4185 ab
1233 4115 1294 4184 ali·

114 4242 184 4306 quo,
208 4228 321 4292 contra
344 4223 474 4293 dativus
498 4225 585 4292 clare
608 4228 643 4291 et
665 4225 821 4307 graphice
850 4223 999 4308 depingit
1030 4225 1129 4293 animi
1153 4224 1291 4292 affectus

114 4332 192 4415 ejus,
214 4329 268 4416 qui
291 4349 359 4397 rem
381 4330 478 4415 gerit
524 4332 561 4399 Ε.
585 4351 615 4415 g.
639 4332 672 4400 in
699 4332 751 4399 IV.
776 4339 806 4398 9.
830 4338 859 4398 3.
887 4337 984 4415 poeta
1008 4353 1071 4400 non
1094 4330 1290 4416 simpliciter
1329 4414 1336 4425 .

115 4437 202 4519 dicit,
231 4437 314 4505 diem
345 4457 366 4504 a
396 4436 489 4503 nohis
518 4437 573 4520 agi
606 4439 756 4506 simulato
790 4439 908 4522 gaudio
941 4445 975 4505 et
998 4440 1148 4525 amicitia,
1173 4438 1290 4506 ritihus
