2820 4920
592 280 789 340 ...9-

478 470 689 607 Altera
736 507 893 645 pars.

197 761 272 827 Cum
296 756 427 826 dativus
450 777 513 823 non
547 776 617 823 cum
652 757 750 822 vcrbo
782 755 849 820 solo
873 755 1087 838 conjungatur
1119 753 1176 820 scd
1207 773 1278 820 cum

108 869 249 952 subjecto
273 871 306 933 et
329 865 515 948 praedicato
540 864 648 944 unitis
672 863 755 945 quod
779 861 968 943 Rumpelius
984 869 1080 929 vocat
1102 860 1173 946 „die
1189 861 1279 926 Sata-

106 975 286 1053 substaua,“
310 973 463 1054 sequitur,
486 971 630 1038 dativum
654 989 724 1036 cum
749 969 797 1035 eis
820 969 1041 1036 tautummodo
1071 967 1179 1036 verbis
1208 986 1279 1033 cou-

105 1083 198 1168 jungi
221 1100 323 1164 posse,
347 1099 428 1162 quaa
452 1080 629 1162 subjectum
654 1082 688 1159 ct
710 1077 930 1159 praedicatum
959 1076 991 1141 in
1021 1095 1056 1142 se
1085 1075 1280 1151 contineant,

108 1189 215 1274 qualia
245 1192 321 1254 suut
343 1185 560 1254 intransitiva.
606 1185 793 1251 Transitiva
824 1188 931 1250 autem
965 1202 1035 1248 cum
1069 1183 1179 1249 dativo
1208 1201 1281 1247 con-

103 1299 240 1382 jnngero
263 1295 350 1378 licet,
374 1293 402 1359 si
422 1295 509 1360 notio
527 1291 669 1360 verbalis
687 1291 798 1357 addito
818 1292 942 1373 objecto
961 1290 1138 1372 suppletur.
1184 1289 1280 1355 Doni·
1390 1322 1392 1333 ·

106 1424 168 1487 que
191 1402 335 1470 dativum
355 1420 425 1467 cum
443 1399 665 1481 substantivis
689 1398 868 1481 adjectivis,
892 1397 1064 1475 adverbiis,
1088 1396 1282 1479 intchectio·

49 1492 60 1505 )
107 1511 204 1577 nibus
226 1511 425 1592 conjunctum
449 1506 656 1588 reperiemus.

199 1618 247 1682 Ac
269 1615 404 1698 primum
434 1614 560 1695 quidem
597 1615 636 1679 de
660 1612 773 1679 verbis
792 1611 1009 1678 intransitivis
1032 1611 1225 1677 disseremus
1250 1616 1284 1673 et

68 1784 71 1789 ,
112 1723 337 1790 tractabimus:

108 1832 134 1896 I.
201 1832 242 1896 de
264 1832 365 1898 verbo
389 1827 610 2000 substantivo·

108 1937 151 2003 II.
198 1939 238 2003 do
262 1936 372 2004 verbis
395 1935 428 2000 in
445 1934 612 2000 ransitivis
637 1933 836 2015 simplicibus

109 2045 171 2109 ΠΙ.
199 2045 239 2108 de
264 2041 480 2107 intransitivis
503 2040 697 2121 compositis.

326 2249 364 2362 Ι.
438 2249 509 2362 llo
547 2252 698 2365 vorbo
736 2249 1060 2364 substantivo.

111 2510 142 2587 a)
162 2507 210 2570 Ac
225 2503 362 2586 primum
378 2503 505 2584 quidem
519 2502 617 2568 liccat
633 2504 790 2586 exempla,
807 2523 889 2584 qliae
904 2503 1093 2587 invenimus,
1111 2504 1284 2570 secuudum

111 2611 283 2678 editionem
326 2611 455 2677 Mttlleri
499 2613 612 2692 (1877)
655 2609 811 2676 adhibitis
856 2611 1052 2678 editionibus
1094 2610 1213 2676 Hillcri
1251 2616 1285 2676 et

112 2717 302 2784 Baehrensii
314 2736 504 2783 enumerare
523 2718 570 2783 ita
583 2718 720 2799 quidem,
738 2724 775 2783 ut
793 2718 880 2784 locos
893 2717 1092 2784 Tibullianos
1108 2717 1184 2783 libri
1199 2718 1224 2798 l,
1239 2718 1284 2796 lI,

113 2830 146 2890 ct
157 2825 213 2892 lv.
230 2831 300 2917 iba
312 2825 628 2909 Pseudotibulliania
642 2826 695 2909 qui
707 2834 873 2906 vocantur,
894 2827 1108 2910 seiungamus.
1132 2826 1209 2891 Cum
1222 2825 1285 2890 elo·

111 2931 238 2999 cutione
261 2932 444 2998 Tibulliana
472 2931 587 3014 ubique
616 2933 838 3014 Vergilionem
870 2933 1133 3014 comparabimus,
1162 2931 1196 2999 in
1225 2951 1286 3014 quo

109 3039 241 3121 negotio
259 3039 310 3104 nsi
330 3058 438 3105 sumus
458 3039 689 3105 dissertasioue
710 3039 846 3119 Dittelii,
872 3059 952 3121 quae
976 3039 1177 3106 inscribitur:
1202 3041 1287 3123 ,ber

110 3144 212 3211 Dativ
235 3144 287 3210 bei
311 3145 451 3228 Vergil.“

485 3343 513 3424 1.
568 3341 658 3424 Loci
685 3339 918 3426 Tibulliaui:

147 3500 173 3566 l.
224 3506 249 3566 l.
276 3505 324 3567 15.
371 3502 474 3569 Flava
497 3503 603 3583 Cerea,
628 3501 687 3567 tibi
711 3504 754 3568 sit
777 3510 888 3569 nostro
913 3502 953 3567 ‹le
978 3521 1052 3567 ruva
1076 3522 1203 3569 corona.

147 3608 173 3672 Ι.
220 3615 248 3673 2.
275 3615 323 3676 12.
370 3610 477 3691 Capiti
502 3609 568 3675 sint
590 3629 704 3692 precor
728 3610 784 3675 illa
808 3629 887 3676 meo.

150 3713 175 3780 1.
220 3722 249 3782 2.
275 3721 324 3782 74.
371 3717 421 3782 Sit
445 3717 522 3784 mibi
546 3736 684 3784 somnus.

151 3820 175 3887 1.
221 3830 250 3888 3.
297 3828 324 3887 5.
372 3824 442 3889 Nou
467 3825 519 3890 hic
543 3825 620 3890 mibi
643 3831 755 3892 mater.

149 3928 173 3994 Ι.
220 3936 249 3996 4.
277 3935 326 3994 37.
371 3929 455 3994 Solis
478 3936 647 3998 aeteruast
670 3932 797 3998 Baccho
821 3932 1013 4012 Phoeboque
1033 3930 1196 4011 jnventas.

149 4036 174 4102 l.
220 4042 249 4102 4.
275 4042 325 4101 77.
372 4034 486 4102 Gloria
509 4037 621 4119 cuique
645 4045 746 4117 suast.

149 4143 174 4208 l.
221 4150 249 4207 6.
297 4149 324 4210 3.
371 4142 455 4226 Quid
478 4144 537 4210 tibi
562 4144 720 4212 saevitiae
743 4145 924 4212 mecumst?

150 4250 175 4314 l.
224 4255 252 4312 7.
276 4248 329 4314 43.
374 4251 446 4317 Non
470 4251 530 4317 tibi
554 4257 630 4318 suut
653 4251 766 4318 tristes
790 4270 895 4317 curae.

149 4356 176 4421 I.
225 4361 253 4421 5.
278 4356 316 4420 61
375 4357 504 4439 Pauper
527 4359 590 4425 crit
614 4363 745 4441 praesto
769 4376 895 4440 semper
919 4357 988 4424 tibi.

150 4465 176 4528 l.
223 4470 251 4528 8.
277 4470 327 4530 bl.
375 4465 444 4529 Nou
468 4464 516 4530 illi
540 4466 663 4531 sontica
687 4484 784 4531 causa
803 4471 863 4534 est.
