2820 4920
203 624 350 689 Omnium
383 642 491 688 earum
525 640 604 703 quas
628 620 826 703 protulimus
859 639 963 685 rerum
997 638 1152 686 summam
1181 621 1212 687 si
1243 620 1291 689 ia·

115 731 244 810 ciamus,
272 730 365 795 tuelle
392 728 565 811 apparebit
592 728 726 810 primum
755 728 892 808 quidem,
922 727 1082 793 Tibullum
1110 745 1184 793 cum
1210 728 1291 794 Ver·

113 837 192 921 gilio
216 855 393 919 congruere
417 837 513 918 longe
536 835 673 900 maxime
697 854 738 900 ex
761 854 861 917 eoque
888 834 957 900 iere
988 834 1138 917 pendere,
1170 835 1290 903 deinde
1349 859 1354 867 ·

41 996 44 1001 .
114 946 201 1012 inter
223 943 381 1009 Tibullum
407 949 440 1009 et
459 942 601 1009 carmina
619 941 950 1023 Pseudo-'libulliana,
974 960 1055 1022 quac
1071 940 1290 1023 intercedant

115 1050 342 1118 similitudines
372 1051 548 1131 permultas
579 1068 660 1133 esse,
692 1047 970 1114 dissimilitudines
1006 1066 1135 1130 paucas
1195 1046 1290 1133 Quod

116 1179 199 1225 nunc
231 1157 342 1240 paucis
374 1157 481 1225 verbis
512 1176 671 1238 exponere
702 1156 809 1236 liceat,
841 1155 888 1223 ita
916 1161 952 1221 ut
975 1144 1221 1238 dispositionem
1243 1154 1289 1223 luz

116 1266 237 1332 ciamus
261 1284 319 1347 pro
335 1265 498 1347 gravitate
516 1263 758 1327 similitudinum
780 1282 817 1328 ac
834 1262 1135 1331 dissimilitudinum.

117 1376 222 1454 Atque
238 1372 334 1453 longe
350 1371 530 1435 simillimus
542 1368 667 1450 quidem
684 1370 769 1450 apud
785 1369 946 1435 Tibullum
962 1374 995 1434 et
1018 1367 1196 1452 Vergilium
1213 1388 1291 1437 usus

117 1484 168 1545 est
179 1478 282 1544 dativi
294 1478 403 1545 verbis
415 1475 598 1541 transitivis
608 1476 749 1556 appositi
762 1475 973 1557 simplicibus;
985 1475 1060 1558 quin
1073 1475 1172 1542 etiam
1184 1477 1291 1558 plera-

117 1605 177 1667 que
201 1584 355 1668 ejusmodi
378 1585 478 1650 verba
501 1585 587 1664 apud
612 1589 778 1665 utrumque
802 1590 965 1650 auctorem
989 1584 1150 1665 leguntur.
1197 1583 1293 1669 Quod

117 1692 237 1758 attinet
259 1692 301 1757 ad
325 1691 425 1757 verba
448 1690 621 1756 transitiva
641 1689 825 1770 composita,
849 1690 882 1754 in
899 1690 948 1755 bis
964 1709 1087 1772 quoque
1103 1689 1294 1773 similitudo,

117 1819 198 1881 qnae
221 1797 403 1878 intercedit,
427 1817 545 1879 magna
569 1806 627 1878 est,
651 1817 688 1862 ac
711 1798 992 1880 frequentissimus
1008 1799 1133 1880 quidem
1158 1799 1294 1867 dativus

118 1913 169 1973 est
191 1904 359 1988 appositus
382 1905 490 1971 verbis
510 1925 579 1971 cum
601 1904 901 1989 praepositionibus,
925 1924 1004 1986 quae
1030 1912 1105 1971 sunt
1127 1908 1198 1991 „ad,
1223 1926 1294 1988 con,

118 2016 167 2093 ob,
190 2014 267 2095 pro“
291 2011 483 2093 compositis.
529 2014 617 2077 Raro
641 2013 724 2077 enim
748 2015 788 2077 ab
812 2019 947 2093 utroque
972 2019 1068 2094 poeta
1091 2013 1296 2095 praepositio

118 2122 228 2187 eadem
264 2121 313 2187 vel
345 2119 458 2184 similis
499 2119 645 2199 iteratur,
686 2138 759 2182 raro
799 2138 856 2198 pro
901 2118 1020 2202 dativo,
1059 2120 1113 2200 qui
1143 2119 1296 2203 exceptis

118 2227 227 2294 verbis
251 2248 320 2293 cum
345 2224 637 2308 praepositionibus
660 2226 735 2308 ‚,de“
759 2234 792 2290 et
816 2230 893 2309 „ex“
917 2227 1101 2308 compositis
1127 2228 1214 2311 apud
1239 2226 1296 2293 'ri-

118 2335 237 2413 bullum
254 2334 369 2415 ubique
389 2332 569 2410 adhibetur,
593 2353 612 2396 a
632 2332 776 2414 Vergilio
793 2332 956 2399 ablativus
972 2335 1025 2399 vel
1042 2334 1180 2400 elocutio
1199 2354 1297 2417 prae-

119 2422 321 2522 positionalis
344 2438 535 2504 admittitur.
560 2440 610 2521 (E.
635 2459 665 2521 g.
690 2439 854 2522 Vergilius
879 2460 948 2506 curn
973 2440 1081 2507 verbis
1105 2460 1176 2506 cum
1201 2461 1297 2523 prae·

119 2545 275 2628 positione
300 2544 368 2629 „in“
392 2544 576 2628 compositis
595 2547 648 2613 vel
665 2547 840 2614 ablativum
858 2548 909 2614 vel
925 2546 1198 2629 praepositionem
1222 2548 1297 2628 „in“

120 2660 153 2720 ct
185 2653 402 2721 accusativum
427 2654 601 2737 conjungit,
632 2653 778 2736 idemque
809 2655 897 2720 cadit
920 2655 952 2720 in
976 2656 1077 2721 verba
1105 2674 1175 2721 cum
1201 2675 1297 2737 prae-

121 2762 277 2844 positione
309 2762 404 2845 „sub“
437 2761 630 2843 composita;
661 2760 806 2841 idemque
834 2769 932 2842 poeta
956 2762 1065 2828 verbis
1097 2782 1167 2828 cum
1199 2782 1297 2845 prae·

120 2868 278 2951 positione
302 2868 417 2951 ‚,prae“
442 2865 625 2946 compositis
642 2872 773 2947 praeter
790 2868 932 2934 dativum
956 2887 1180 2952 nonnunquam
1204 2869 1297 2936 abla-

120 2976 220 3042 tivum
245 2974 296 3042 vel
321 2972 592 3055 praepositionem
615 2973 684 3058 „in“
709 2994 734 3039 c.
758 2976 819 3041 abl.
842 2975 996 3057 apponit.)

209 3083 332 3149 Eadem
348 3099 471 3162 quoque
488 3087 651 3146 structura
667 3087 718 3147 est
734 3083 903 3148 verborum
917 3102 986 3148 cum
1001 3081 1297 3164 praepositionibus

120 3192 197 3274 „de“
220 3198 253 3256 et
275 3194 353 3274 ‚,ex“
376 3188 632 3269 compositorum.
678 3188 922 3272 Oonjunguntur
938 3190 1020 3256 enim
1038 3196 1157 3255 etcum
1181 3189 1297 3257 dativo

121 3299 171 3365 vel
196 3296 434 3379 praepositione
458 3314 527 3360 curn
551 3294 747 3373 accusativo,
771 3295 798 3361 si
823 3316 970 3378 persona,
999 3303 1032 3363 et
1055 3316 1125 3363 cum
1148 3294 1297 3366 ablativo

122 3407 215 3487 nudo,
248 3403 275 3469 si
308 3422 361 3468 res
391 3407 530 3468 notatur.
586 3402 745 3485 (Tibullus
783 3405 880 3470 etiam
912 3404 1179 3489 praepositiones
1211 3392 1297 3485 quae

122 3518 197 3578 sunt
229 3532 274 3596 „a,
308 3512 356 3591 de,
389 3511 446 3576 ex‘·
477 3509 641 3590 admittit).
680 3511 748 3576 Nec
771 3511 874 3576 minus
899 3529 975 3577 usus
998 3511 1199 3577 Tibullianus
1222 3530 1297 3579 curu

122 3619 310 3703 Vergiliano
335 3616 483 3700 congruit
505 3619 537 3683 in
561 3618 741 3684 adhibendo
766 3618 875 3684 dativo
896 3618 1004 3684 verbis
1028 3617 1223 3701 simplicibus
1247 3616 1296 3683 in·

122 3726 305 3794 transitivis
328 3723 484 3807 apposito.

211 3853 352 3918 Verbum
376 3848 612 3916 substantivum
637 3869 705 3914 curn
726 3848 835 3916 dativo
856 3852 1056 3933 conjunctum
1081 3850 1176 3917 simili
1201 3851 1296 3917 modo

123 3960 163 4024 ab
188 3965 322 4041 utroque
346 3959 503 4041 scriptore
527 3962 709 4039 usurpatur,
741 3958 810 4023 sive
839 3956 1000 4041 Judicium,
1032 3957 1100 4024 sive
1132 3956 1296 4040 possessio

123 4065 321 4146 exprimitur,
346 4066 414 4133 sive
439 4064 567 4132 dativus
591 4084 648 4146 pro
667 4063 819 4147 genetivo
843 4062 980 4145 ponitur,
1004 4066 1086 4145 quod
1106 4063 1297 4147 saepissime
1322 4068 1325 4073 '

123 4172 193 4239 fieri
209 4172 301 4239 solet.
339 4172 410 4255 Qua
433 4171 558 4239 ratione
578 4170 662 4236 inter
678 4189 712 4236 so
729 4170 887 4250 differant,
911 4168 995 4235 inira
1012 4170 1296 4238 demonstrabitur.

213 4297 358 4379 Denique
389 4315 467 4363 usus
501 4296 729 4381 adjectivorum
768 4293 942 4361 consimilis
973 4302 1031 4376 est,
1067 4302 1100 4362 et
1130 4295 1297 4363 dimidium

125 4406 195 4473 fere
225 4404 465 4488 adJeotivorum,
496 4423 577 4485 quae
608 4404 694 4484 apud
726 4400 885 4468 Tibullum
917 4400 1100 4482 obveniunt,
1131 4402 1228 4469 etiam
1262 4402 1298 4469 in

669 4680 698 4736 Ι
