2820 4920
628 294 847 353 ..1ss-

147 489 182 549 tu
215 485 390 550 candentes
420 486 552 550 humero
585 503 728 564 suppone
760 485 925 550 lacertos.“
977 484 1162 566 Comparari
1195 506 1323 570 quoque

147 596 254 671 potest
277 610 427 673 graecum
451 592 543 656 illud:
568 597 619 670 „rt
640 612 675 655 σε
700 598 819 674 φρένας
843 593 929 656 tieem
962 593 1114 657 utvbmf‘

235 717 408 796 Postquam
432 720 606 782 tractatum
631 723 682 780 est
705 717 744 781 de
771 718 866 781 verbo
900 718 1122 796 substantivo,
1157 718 1215 783 boo
1250 720 1322 785 loco

145 822 242 888 liceat
265 822 426 888 disserere
449 824 489 888 de
515 823 637 902 verbis,
669 842 750 904 quae
779 823 914 889 similem
938 830 1034 904 atque
1059 823 1138 889 illud
1163 827 1323 904 praebent

145 930 324 1010 notionem;
349 929 473 996 seilicet
497 932 536 995 de
560 930 676 1010 verbis,
700 937 891 1010 quaesunt:
915 931 965 1009 fio,
990 949 1113 1009 irascor,
1139 931 1234 1015 niteo,
1258 941 1321 1014 sto,

145 1038 247 1121 valeo,
271 1037 373 1118 venio,
398 1037 479 1104 vivo.

551 1222 554 1229 ι
683 1147 707 1210 l.
735 1145 783 1209 fio.

145 1254 186 1317 ll.
212 1258 240 1317 3.
269 1259 316 1318 16.
361 1253 424 1317 Est
447 1251 501 1318 via
524 1252 610 1317 faeta
635 1271 716 1317 sero.

144 1360 187 1424 Π.
212 1366 240 1423 6.
292 1360 316 1424 l.
362 1360 488 1424 Tenere
512 1358 587 1440 quid
611 1359 667 1424 fiet
689 1358 821 1424 Amori?

143 1467 186 1530 ll.
211 1474 239 1531 b.
265 1473 314 1531 lb.
361 1467 406 1530 Et
429 1465 505 1530 mibi
529 1465 617 1530 faeta
643 1466 759 1530 tubast.

232 1591 324 1672 Quod
348 1591 467 1656 attinet
490 1591 531 1655 ad
547 1591 589 1656 ll.
607 1598 635 1655 6.
663 1599 687 1655 l.
727 1591 912 1656 Husebkius
937 1594 1091 1671 ‚‚Amore“
1115 1592 1318 1659 scribendum

41 1758 45 1777 ,
144 1699 222 1764 vult.
261 1698 327 1762 Nee
351 1702 457 1762 tamen
483 1716 562 1777 opus
586 1703 645 1780 est,
670 1717 742 1761 ruam
760 1697 928 1763 Dissenius
952 1700 993 1763 ad
1018 1699 1101 1763 buoe
1124 1699 1226 1764 locum
1250 1701 1319 1767 alia

143 1805 290 1886 exempla
313 1805 475 1885 laudavit,
506 1803 632 1869 etiamsi
664 1804 825 1872 ablativus
854 1806 983 1886 saepius
1008 1813 1188 1887 usurpatur.
1236 1807 1319 1889 Egit

143 1912 182 1977 de
214 1913 275 1977 bae
306 1931 342 1977 re
366 1913 514 1994 Draeger
538 1913 562 1976 l.
592 1916 664 1976 561.
712 1912 749 1976 ln
782 1913 842 1978 hoc
875 1932 968 1980 versu
1001 1911 1088 1979 notio
1122 1913 1212 1979 verbi
1246 1918 1318 1980 est:

140 2017 262 2103 „qualis
285 2037 355 2085 sors
377 2017 487 2083 lutura
510 2022 561 2082 est
570 2019 604 2082 ?“
627 2017 747 2083 Contra
763 2018 795 2082 in
813 2038 907 2085 versu
924 2019 1135 2085 Pseudo-Tib.
1152 2020 1206 2085 lV.
1224 2027 1253 2086 6.
1273 2027 1316 2088 14

141 2125 229 2192 notio
253 2125 283 2191 ei
307 2128 417 2191 subest
440 2124 625 2190 immolandi
649 2131 682 2189 et
705 2129 903 2190 construitur
926 2146 996 2191 oum
1021 2126 1131 2193 dativo
1155 2146 1316 2208 personae

141 2239 175 2298 et
198 2231 341 2300 ablativo
364 2231 589 2311 instrumenti,
622 2231 675 2312 qui
709 2239 850 2298 vocatur.
897 2233 1004 2299 Etiam
1038 2233 1093 2298 hie
1121 2252 1197 2300 usus
1221 2254 1317 2301 rarus

141 2346 192 2405 est
223 2345 308 2405 teste
333 2340 500 2420 Draegero
533 2338 565 2403 in
597 2339 616 2402 l.
650 2340 669 2403 l.
700 2340 723 2405 I.
758 2345 830 2406 547.
863 2340 914 2422 (el.
941 2340 1036 2422 Verg.
1060 2342 1127 2406 Eel.
1161 2341 1221 2406 Ill.
1257 2347 1317 2408 75:

140 2448 234 2528 „Cum
259 2446 374 2512 faciam
399 2445 502 2512 vitula
525 2466 582 2527 pro
606 2445 762 2528 frugibus
786 2446 855 2528 ipse
879 2448 1027 2529 venito.“)
1147 2524 1151 2530 Ι

643 2579 671 2637 2.
696 2591 819 2638 nascor.

162 2680 182 2742 l.
210 2684 258 2742 10.
305 2685 333 2743 3.
380 2680 459 2745 'lum
484 2681 600 2745 caedes
623 2679 784 2745 hominum
807 2680 920 2760 generi
944 2685 1030 2746 nata.

139 2785 182 2851 ll.
230 2792 257 2850 2.
284 2791 333 2850 15.
380 2786 541 2868 Quidquid
564 2785 711 2850 lelioibus
735 2786 824 2851 Indis
848 2787 1001 2852 irascitur.

229 2892 282 2976 (ri.
307 2892 404 2975 Verg.
429 2894 509 2958 Aen.
535 2892 606 2958 Vll.
631 2898 692 2960 44:
716 2893 815 2974 „Mihi
841 2893 985 2960 nascitur
1009 2896 1130 2979 ordo.“)
1207 2962 1211 2967 ,

654 3024 681 3083 3.
706 3018 802 3084 niteo.

157 3124 181 3189 l.
226 3131 257 3190 4.
303 3130 332 3190 4.
379 3125 449 3190 Non
474 3122 533 3188 tibi
558 3127 657 3189 barba
681 3124 773 3191 uitet.

668 3255 697 3315 4.
721 3255 781 3316 sto.

157 3357 181 3422 l.
232 3363 257 3420 l.
283 3362 333 3421 64.
381 3356 419 3422 ln
442 3363 553 3422 tenero
577 3362 644 3422 stat
669 3357 726 3421 tibi
750 3358 846 3423 eorde
870 3358 960 3424 silex.

155 3464 180 3528 Ι.
228 3469 256 3528 4.
284 3469 332 3529 14.
379 3465 423 3529 At
448 3464 524 3529 illi.
549 3516 555 3530 .
580 3515 586 3528 .
611 3469 678 3530 stat
701 3465 803 3544 pudor
826 3471 901 3531 alite
925 3485 1037 3548 genas.

59 3668 62 3673 ι
139 3569 181 3635 ll.
228 3577 257 3636 6.
284 3576 334 3636 38.
380 3572 570 3653 Maestaque
594 3571 720 3652 sopitae
744 3577 810 3637 stet
834 3592 924 3637 soror
947 3578 1023 3638 ante
1048 3579 1161 3639 torum.

227 3696 291 3761 'Fer
315 3695 416 3778 igitur
440 3696 568 3764 dativus
598 3716 755 3777 personae
788 3702 897 3762 exstat
929 3718 985 3778 pro
1016 3698 1187 3783 genetiv03
1221 3718 1315 3780 prae-

139 3810 229 3869 terea
264 3805 396 3870 verbum
429 3803 535 3868 standi
569 3809 707 3885 augetur
739 3805 959 3870 additamento
993 3806 1102 3872 locali:
1137 3806 1187 3873 vel
1220 3824 1314 3887 prue-

139 3910 305 3994 positione,
329 3930 410 3992 quiae
435 3917 485 3975 est
508 3911 577 3989 „io“
603 3912 653 3977 vel
677 3915 799 3994 ,.ante.“

567 4041 594 4100 5.
619 4035 725 4118 valeo,
751 4043 779 4101 6.
803 4035 884 4103 vivo.

155 4144 180 4208 l.
208 4150 255 4208 10.
280 4149 331 4208 56.
378 4143 453 4208 Flet
477 4143 538 4208 sibi
562 4144 728 4208 dementes
752 4149 817 4209 tam
843 4142 983 4210 valuisse
1008 4163 1130 4210 mannus.

138 4250 181 4315 ll.
226 4258 256 4316 4.
304 4257 331 4315 2.
377 4251 451 4314 Jam
476 4249 562 4331 mibi,
587 4249 720 4315 libertas
744 4250 801 4316 illa
825 4257 969 4334 paterna,
993 4252 1075 4318 vale.

228 4375 290 4441 Hic
313 4374 442 4442 dativus
466 4375 598 4456 ethicus,
623 4375 676 4458 qui
699 4380 842 4457 vocatur,
867 4394 908 4441 ex
925 4375 1061 4459 slmplici
1078 4375 1182 4444 dativi
1204 4375 1314 4443 indole

139 4480 374 4564 intellegendus
399 4488 457 4546 est.
497 4482 614 4547 Subest
638 4482 747 4548 dativo
772 4481 803 4547 in
828 4483 934 4563 priore
952 4503 1047 4571 versu
1069 4482 1190 4564 aliquid
1206 4481 1314 4565 aegri-

170 4750 210 4811 f
