2820 4920
593 261 814 321 ..40-

536 449 581 532 A.
610 449 877 535 substantiva

206 611 302 691 Apud
324 610 486 675 Tibullum
517 610 571 676 nio
602 611 732 678 dativus
764 611 968 678 substantivo
999 609 1169 693 appositus
1192 612 1293 679 semel

118 717 270 783 occurrit:
300 717 344 783 II.
381 724 407 784 1.
440 724 493 783 34;
525 719 589 801 „Et
620 738 740 802 magna
768 719 907 785 intonsis
939 717 1046 801 gloria
1081 718 1189 785 victor
1219 720 1291 787 avis

117 825 198 904 (cod.
221 827 251 890 A
274 853 318 878 =
340 825 441 907 ades),
465 825 527 891 huc
550 827 656 906 ades‚“
679 826 712 891 in
736 826 873 893 Pedio.
897 825 946 892 bis
969 825 1106 908 legitur:

121 939 146 996 1.
170 932 286 998 decus:
317 930 373 995 IV.
396 931 421 996 Ι.
446 937 503 998 31ε
533 933 615 1016 „Sed
645 933 776 1015 generis
807 934 930 1015 priscos
960 931 1129 999 contendis
1159 932 1289 1001 vincere

535 1041 681 1122 honores,

277 1144 379 1228 Quam
403 1147 464 1213 tibi
486 1149 624 1232 majores
646 1150 748 1232 majus
770 1148 868 1213 decus
891 1147 961 1228 ipse
984 1146 1130 1213 tuturis.“

118 1261 146 1317 2.
170 1260 299 1318 auctor:
323 1253 384 1320 ΙΙΙ.
405 1262 429 1320 l.
450 1260 504 1320 15:
528 1255 592 1319 Per
604 1274 670 1338 vos,
683 1261 831 1321 auctores
844 1255 938 1338 hujus
951 1252 1028 1318 mihi
1040 1253 1205 1335 carminis,
1220 1275 1290 1321 oro.

206 1359 244 1423 In
269 1360 338 1425 loco
362 1360 464 1442 igitur
478 1361 662 1426 Tibulliano
684 1381 808 1445 nomen,
831 1380 965 1442 quocum
981 1360 1112 1427 dativus
1127 1360 1289 1443 cohaeret

117 1466 329 1547 appositionis
352 1468 421 1533 loco
445 1467 588 1534 additum
608 1474 660 1533 est
678 1487 845 1550 personae,
867 1486 949 1550 quae
965 1466 1153 1549 praedicato
1167 1469 1290 1549 subest.

117 1573 148 1638 in
182 1573 319 1639 Penio.
351 1580 459 1640 autem
491 1582 549 1639 aut
580 1594 737 1656 personae
770 1574 950 1657 praedicati
980 1575 1048 1654 (IV.
1082 1581 1110 1639 1.
1141 1576 1201 1660 31)
1234 1584 1291 1642 aut

118 1679 299 1760 pronomini
332 1680 495 1760 personali
511 1682 586 1765 (iil.
623 1689 650 1748 1.
684 1685 746 1764 15).
781 1682 962 1748 Enuntiata
981 1689 1089 1748 autem
1103 1680 1292 1763 appositiva

116 1796 192 1851 sunt
226 1787 365 1854 relativa
398 1788 490 1870 quasi
525 1795 702 1871 amputata,
736 1809 775 1856 ac
809 1788 837 1855 si
871 1789 1074 1855 enuntiatum
1116 1788 1292 1859 relativum

117 1913 281 1975 ponamus
305 1895 339 1961 hi
362 1895 465 1963 dativi
490 1896 592 1962 eidem
616 1903 700 1981 sunt,
723 1915 802 1978 quos
825 1916 924 1978 supra
947 1895 1085 1962 vidimus
1103 1914 1176 1962 cum
1191 1898 1293 1965 verbo

117 2002 320 2069 substantivo
344 2004 539 2086 conjunctos
584 2005 622 2069 E.
639 2022 670 2086 g.
693 2004 726 2069 in
751 2023 847 2070 versu
869 2004 933 2069 III.
961 2011 985 2069 1.
1014 2008 1051 2068 15
1076 2002 1198 2069 dictum
1222 2012 1292 2071 est:

117 2110 201 2188 „Vos
225 2116 375 2176 auctores
399 2108 494 2174 mihi‘
517 2129 593 2190 pro:
617 2110 711 2191 „Vos,
734 2111 788 2191 qui
812 2110 889 2174 mihi
912 2110 992 2175 estis
1015 2116 1193 2198 auctores.“

206 2217 303 2298 Apud
326 2216 506 2299 Vergilium
530 2215 666 2296 denique
690 2223 724 2281 et
747 2217 951 2298 Propertium
976 2218 1028 2283 hic
1056 2217 1189 2285 dativus
1219 2238 1292 2287 sae·

117 2323 188 2405 pius
212 2324 360 2389 occurrit.
413 2323 460 2389 Cf.
484 2321 612 2388 Dittelii
635 2323 655 2387 i.
679 2324 699 2388 1.
723 2342 796 2405 pag.
822 2330 838 2387 7
865 2331 899 2388 et
919 2325 1056 2391 Hoerle:
1089 2326 1139 2390 De
1157 2344 1291 2393 casuum

117 2450 175 2494 usu
200 2430 413 2511 Propertiano
437 2448 510 2512 pag.
534 2436 585 2497 44.

560 2667 601 2749 Β.
630 2662 846 2766 AdJ'activa.

204 2841 376 2922 Adjectiva
399 2841 516 2920 partim
541 2859 611 2905 oum
636 2840 751 2921 copula
782 2846 858 2905 sunt
885 2841 1054 2923 conjuncta
1082 2840 1202 2921 partim
1224 2859 1302 2925 non,

116 2951 200 3012 sunt.

359 3073 388 3119 a.
411 3054 533 3136 Copula
556 3055 669 3120 addita
692 3061 749 3121 aut
772 3056 952 3137 supplenda
975 3061 1042 3120 est:

120 3168 144 3226 l.
168 3163 320 3227 acerbus:
344 3163 370 3227 Ι.
394 3169 423 3228 6.
447 3167 506 3228 84;
529 3162 642 3228 Infidis
665 3182 759 3243 quam
783 3163 827 3227 sit
849 3165 975 3230 acerba.

116 3276 145 3333 2.
168 3287 280 3351 asper:
344 3269 369 3334 I.
394 3275 424 3338 6.
470 3276 506 3334 2:
529 3270 576 3334 Es
599 3269 715 3335 misero
739 3268 844 3336 tristis
868 3275 902 3334 et
924 3288 1029 3352 asper.

117 3382 145 3442 3.
169 3375 328 3441 conscius:
344 3377 369 3442 I.
396 3384 423 3442 7.
447 3382 504 3442 48:
527 3375 626 3444 Levis
649 3376 783 3444 occultis
806 3375 934 3443 conscia
957 3376 1040 3442 cista
1063 3376 1173 3444 sacris,

343 3483 368 3548 Ι.
393 3490 421 3549 9.
446 3489 502 3550 41:
527 3483 643 3550 Verbis
667 3504 708 3551 ne
732 3484 897 3567 quisquam
922 3483 1067 3549 conscius
1091 3490 1187 3549 esset.

382 3589 515 3671 (Copula
538 3610 579 3658 ex
602 3592 627 3657 I.
653 3599 670 3656 7
695 3597 737 3657 43
762 3590 941 3673 supplenda
964 3591 1026 3674 est)

115 3701 145 3762 4.
169 3697 308 3763 deditus:
346 3696 372 3763 Ι.
399 3703 426 3762 l.
449 3704 504 3765 26:
530 3697 666 3765 Deditus
690 3716 762 3764 esse
785 3696 868 3763 viae.

118 3810 145 3870 5.
169 3806 285 3870 durus:
346 3804 371 3870 1.
396 3810 425 3870 6.
449 3810 506 3870 69;
529 3805 574 3869 Et
596 3804 674 3869 mihi
697 3803 764 3869 sint
787 3804 885 3869 durae
910 3803 1008 3887 leger.

116 3919 145 3977 6.
169 3910 325 3978 difficilis:
346 3912 372 3977 I.
396 3916 426 3976 8.
451 3915 505 3976 27:
529 3909 679 3975 Difficilis
701 3928 801 3991 puero
825 3929 906 3977 esse.

118 4025 145 4083 7.
168 4016 290 4085 facilis:
347 4018 373 4084 Ι.
398 4024 426 4084 3.
451 4024 507 4082 57:
532 4016 653 4083 Facilis
677 4023 789 4084 tenero
813 4037 881 4083 sum
905 4037 1032 4100 semper
1054 4019 1175 4085 Amori.

116 4130 145 4189 8,
168 4124 339 4191 formosus:
362 4125 418 4191 IV.
443 4131 493 4191 13.
517 4130 551 4191 4:
576 4124 763 4191 Formosast
787 4125 887 4191 oculis
910 4122 998 4191 meis.

116 4238 145 4297 9.
167 4231 266 4299 fidus:
288 4231 314 4297 Ι.
339 4237 368 4298 6.
394 4236 453 4301 77:
476 4230 566 4314 Quae
588 4230 653 4296 fida
676 4230 738 4296 fuit
762 4231 849 4297 nulli.

119 4344 168 4406 10.
191 4338 314 4406 lentus:
336 4338 381 4409 Π.
427 4344 456 4405 6.
481 4344 537 4407 36:
559 4336 611 4406 Sis
633 4336 712 4403 mihi
734 4339 831 4404 lenta.

115 4445 168 4510 21.
189 4442 288 4514 levis:
331 4443 376 4512 II.
421 4450 451 4509 4.
476 4451 534 4510 502
557 4446 721 4525 'deviaque
745 4464 876 4510 securae
900 4444 944 4510 sit
966 4464 1063 4527 super
1091 4465 1165 4511 ossa
1195 4445 1285 4512 levia.
