2880 4936
534 600 700 735 Prior
746 641 902 776 pars,

225 892 403 971 Perlegens
427 887 712 955 carminalibulli
736 892 862 968 poetam
883 886 1026 953 dativum
1046 906 1155 952 amare
1178 886 1308 968 repperi

136 1018 236 1079 eoque
267 997 300 1063 in
329 996 375 1063 eis
406 996 486 1078 ipsis
510 994 686 1061 enuntiatis
710 994 766 1074 uti,
798 993 829 1058 in
861 993 976 1076 quibus
1008 992 1183 1075 scriptores
1215 992 1309 1060 latini

136 1105 320 1187 genetivum
351 1104 404 1169 vel
436 1101 612 1169 ablativum
644 1121 713 1167 cnm
746 1100 985 1182 praepositione
1016 1104 1074 1182 ‚‚a“
1106 1102 1307 1185 conjunctum

137 1212 289 1278 adhibere
325 1212 439 1276 solent.
496 1208 568 1292 Qua
602 1210 641 1274 de
676 1227 775 1274 rausa
809 1209 849 1274 (le
885 1226 944 1273 usu
975 1207 1088 1274 ⁴dativi
1126 1208 1307 1274 'Fibulliano

136 1338 291 1400 quaerere
315 1338 353 1384 ae
377 1317 543 1399 disputare
567 1336 629 1382 non
653 1316 791 1382 alienum
817 1314 894 1405 milri
917 1312 1020 1382 visum
1044 1319 1104 1381 est.

225 1425 288 1490 Sal
315 1423 499 1507 priusquam
527 1425 566 1490 de
595 1422 698 1490 dativi
726 1427 786 1488 u'su
809 1421 990 1487 'l'ibulliano
1023 1427 1111 1487 recte
1140 1421 1309 1506 dijudicari
1399 1484 1404 1495 „

137 1536 252 1614 potest.
271 1533 497 1613 'quaerendum
528 1551 599 1597 esse
623 1530 761 1608 videtur,
795 1549 951 1611 quaenam
980 1528 1023 1594 sit
1051 1528 1153 1595 dativi
1185 1530 1309 1596 indoles

137 1661 174 1705 ao
197 1645 322 1706 natura.
369 1638 447 1704 Fuit
466 1638 547 1704 enim
569 1638 624 1704 diu
644 1637 815 1703 discrimen
839 1636 926 1702 inter
948 1634 1037 1704 viros
1058 1637 1177 1717 doctos,
1201 1643 1309 1703 utrum

137 1767 229 1813 casus
262 1745 446 1828 exprimant
476 1745 618 1811 rationes
650 1745 710 1810 loci
744 1764 786 1809 au
819 1743 953 1826 logicas3
983 1749 1080 1825 atque
1109 1743 1236 1811 etiamsi
1269 1745 1309 1810 de

136 1855 253 1920 ceteris
286 1854 413 1920 casibus
446 1873 529 1918 nunc
562 1852 618 1919 vix
647 1851 802 1935 jndicium
834 1850 878 1916 sit
910 1850 1104 1934 ambiguum,
1138 1858 1244 1918 tamen
1269 1853 1309 1917 de

136 1962 245 2027 dativo
271 1961 355 2026 inter
379 1980 414 2025 se
438 1959 633 2025 dissentiunt
662 1957 722 2025 viri
751 1958 845 2024 (loeti.
892 1958 982 2034 Sunt,
1011 1958 1064 2038 oui
1088 1957 1176 2024 illum
1200 1978 1309 2024 casum

136 2074 254 2133 motum
287 2066 318 2132 in
352 2066 488 2149 aliquem
519 2067 621 2132 locum
653 2066 834 2147 exprimere
865 2064 976 2149 velint,
1020 2085 1081 2146 quo
1113 2065 1146 2130 in
1178 2085 1309 2131 numero

135 2180 187 2240 est
246 2179 376 2255 praeter
431 2179 555 2240 ceteros
615 2171 882 2255 Holzweissigius
937 2172 969 2236 in
1016 2172 1106 2253 libro,
1161 2174 1214 2254 qui
1264 2173 1310 2238 in-

136 2281 295 2348 scribitur:
322 2281 494 2347 Wahrheit
512 2283 577 2347 und
593 2282 713 2346 Irrtum
729 2282 787 2345 der
803 2279 1042 2345 localistischen
1071 2280 1309 2360 Casustlreorie‚
1392 2338 1395 2343 .

135 2394 247 2453 contra
279 2388 343 2468 alii,
376 2389 409 2453 in
441 2388 491 2453 his
525 2387 806 2453 Hiibschmannius
837 2407 876 2452 ae
913 2385 1085 2468 praecipue
1118 2388 1309 2469 Rumpelius

135 2497 211 2576 (Zur
235 2496 440 2576 Casuslelne)
464 2495 607 2563 dativum
628 2514 735 2559 casum
757 2513 828 2558 esse
847 2494 1090 2575 grammaticum
1111 2494 1308 2561 confirmant.
1364 2574 1367 2581 .

135 2603 168 2666 Is
192 2601 285 2684 euim,
310 2607 346 2668 ut
370 2604 428 2667 hoc
452 2620 685 2683 praemoneam,
710 2600 742 2666 in
766 2619 806 2665 ea
830 2601 1078 2681 estrsententia
1102 2607 1140 2666 ut
1162 2600 1307 2669 dativum

135 2729 206 2774 eum
229 2729 337 2775 casum
361 2729 433 2775 esse
457 2709 604 2790 affirmet,
634 2709 675 2774 ad
699 2709 788 2791 quus
813 2727 927 2773 nornen
952 2708 1143 2786 substantia,
1177 2708 1309 2774 silicet

135 2817 250 2898 dicere,
282 2817 442 2883 enuntiati
474 2818 645 2899 pertineat.
705 2816 794 2882 Dicit
827 2816 910 2882 enim
950 2816 983 2881 in
1015 2818 1036 2882 l.¹
1068 2816 1088 2882 l.
1121 2836 1194 2900 pag.
1229 2822 1308 2882 279:

135 2926 244 2990 Dureh
268 2925 329 2990 den
354 2924 453 2992 Dativ
478 2924 558 2991 wird
583 2924 634 2988 ein
658 2926 780 2989 Nomen
805 2924 835 2989 in
861 2923 932 2989 eine
948 2923 1147 3007 Disposition
1172 2929 1308 3006 gesetzt,

135 3032 166 3096 in
192 3033 330 3098 welcher
349 3051 384 3096 es
407 3033 466 3097 das
482 3029 701 3098 Bewusstseiu
721 3031 811 3096 einer
834 3031 890 3096 aul
908 3030 976 3096 sich
995 3034 1178 3113 bezogenen
1198 3032 1308 3096 Hand·

135 3139 221 3221 lung,
245 3139 336 3203 einer
363 3138 427 3202 ilrm
456 3140 630 3221 geltenden
653 3139 885 3204 Satzsubstanz
914 3138 980 3203 hat.
1027 3139 1134 3219 Atque
1163 3138 1308 3220 quamvis

136 3247 214 3311 haec
242 3245 402 3327 Rumpelii
434 3246 605 3325 sententia,
638 3246 721 3327 quod
744 3244 864 3311 attinet
894 3246 935 3310 arl
969 3245 1113 3311 dativum
1146 3263 1308 3327 graecum,

135 3354 352 3435 grammatica,
373 3372 453 3433 quae
473 3358 617 3435 vocatur,
637 3352 800 3431 historica,
820 3371 881 3418 non
903 3351 1065 3436 fulciatur,
1085 3371 1154 3417 cum
1175 3352 1208 3418 in
1225 3354 1308 3418 hunc

135 3479 243 3525 casum
267 3460 445 3541 complures
469 3458 690 3540 confluxerint,
723 3465 831 3524 tamen
864 3457 1036 3524 convenire
1069 3458 1147 3525 mihi
1179 3458 1308 3526 videtur

136 3567 167 3632 in
192 3567 334 3634 ‹lativum
359 3566 502 3650 latinum,
526 3573 562 3632 ut
586 3565 639 3648 qui
658 3565 815 3632 manserit
834 3585 927 3631 casus
946 3585 1054 3646 purus.
1101 3567 1152 3632 Ex
1176 3585 1307 3633 numero

135 3684 242 3740 autem
275 3695 392 3758 eorum,
425 3674 478 3755 qui
511 3675 620 3742 dativo
653 3679 772 3740 motum
804 3673 837 3738 in
870 3672 1006 3755 aliquem
1039 3674 1142 3739 locum
1171 3672 1308 3754 exprimi

136 3782 256 3860 volunt,
292 3782 494 3847 doctissimus
530 3780 795 3864 Holzweissigius
828 3780 1022 3846 senteutiam
1057 3800 1147 3846 suam
1179 3780 1307 3846 firmare

62 3949 65 3953 .
137 3888 198 3953 sibi
223 3888 350 3955 videtur
373 3888 531 3953 affinitate
556 3888 658 3955 dativi
681 3894 715 3954 et
738 3887 870 3954 locativi
894 3888 1039 3970 quadam.
1086 3886 1152 3952 Alii
1175 3887 1206 3952 in
1231 3907 1307 3954 non·

137 3996 233 4061 nullis
268 3994 423 4078 exemplis
458 4014 520 4060 non
556 3995 699 4063 dativum
735 3997 791 4062 sed
826 3994 998 4061 locativum
1033 4000 1190 4073 statuunt,
1225 3996 1307 4076 quod

137 4102 255 4167 termas
288 4104 401 4168 horum
432 4122 560 4168 casuum
594 4102 801 4184 suspicantur
834 4103 930 4184 plane
953 4121 1024 4167 esse
1055 4103 1192 4185 easdem,
1225 4120 1307 4184 quae

137 4210 299 4274 sententia
318 4209 490 4291 exponitur
509 4230 529 4275 a
547 4209 738 4276 Solrroetero
758 4211 789 4275 in
809 4209 901 4291 libro,
925 4207 979 4291 qui
998 4208 1193 4276 inscribitur.
1239 4210 1307 4275 Der

137 4315 237 4382 Dativ
276 4335 333 4381 nur
367 4316 595 4399 Bezeiclmung
634 4317 692 4382 der
726 4315 892 4398 Riclrtung
933 4314 967 4381 in
1002 4317 1060 4382 der
1094 4315 1306 4383 lateinisclren

140 4423 420 4505 Dichterspraclre.
466 4424 575 4506 Sagan
603 4430 695 4489 1873.
