<?xml version="1.0" encoding="UTF-8"?>
<!DOCTYPE html PUBLIC "-//W3C//DTD XHTML 1.0 Transitional//EN"
    "http://www.w3.org/TR/xhtml1/DTD/xhtml1-transitional.dtd">
<html xmlns="http://www.w3.org/1999/xhtml" xml:lang="en" lang="en">
 <head>
  <title>
</title>
<meta http-equiv="Content-Type" content="text/html;charset=utf-8" />
  <meta name='ocr-system' content='tesseract 3.04.00' />
  <meta name='ocr-capabilities' content='ocr_page ocr_carea ocr_par ocr_line ocrx_word'/>
</head>
<body>
  <div class='ocr_page' id='page_1' title='image "./dedativiusutibu00ibergoog_0043.png"; bbox 0 0 2820 4920; ppageno 0'>
   <div class='ocr_carea' id='block_1_1' title="bbox 593 253 812 311">
    <p class='ocr_par' dir='ltr' id='par_1_1' title="bbox 593 253 812 311">
     <span class='ocr_line' id='line_1_1' title="bbox 593 253 812 311; baseline -0.005 -15"><span class='ocrx_word' id='word_1_1' title='bbox 593 253 812 311; x_wconf 74' lang='lat'><strong>..35-</strong></span> 
     </span>
    </p>
   </div>
   <div class='ocr_carea' id='block_1_2' title="bbox 33 441 1303 2448">
    <p class='ocr_par' dir='ltr' id='par_1_2' title="bbox 33 441 1303 2448">
     <span class='ocr_line' id='line_1_2' title="bbox 116 441 1298 526; baseline 0 -15"><span class='ocrx_word' id='word_1_2' title='bbox 116 450 224 511; x_wconf 88' lang='lat' dir='ltr'>autem</span> <span class='ocrx_word' id='word_1_3' title='bbox 261 443 391 511; x_wconf 87' lang='lat' dir='ltr'>nomina</span> <span class='ocrx_word' id='word_1_4' title='bbox 433 461 604 525; x_wconf 88' lang='lat' dir='ltr'>personam</span> <span class='ocrx_word' id='word_1_5' title='bbox 643 442 860 525; x_wconf 83' lang='lat' dir='ltr'>significantia</span> <span class='ocrx_word' id='word_1_6' title='bbox 904 442 937 510; x_wconf 93' lang='lat' dir='ltr'>in</span> <span class='ocrx_word' id='word_1_7' title='bbox 979 441 1089 510; x_wconf 89' lang='lat' dir='ltr'>dativo</span> <span class='ocrx_word' id='word_1_8' title='bbox 1127 451 1298 526; x_wconf 80' lang='lat' dir='ltr'>ponuntur</span> 
     </span>
     <span class='ocr_line' id='line_1_3' title="bbox 33 549 1296 635; baseline 0.002 -20"><span class='ocrx_word' id='word_1_9' title='bbox 33 590 37 595; x_wconf 93' lang='lat'><em>-</em></span> <span class='ocrx_word' id='word_1_10' title='bbox 116 551 156 635; x_wconf 87' lang='lat' dir='ltr'>(l.</span> <span class='ocrx_word' id='word_1_11' title='bbox 180 558 209 617; x_wconf 99' lang='grc'><strong>5.</strong></span> <span class='ocrx_word' id='word_1_12' title='bbox 233 552 288 631; x_wconf 87' lang='grc'>31)</span> <span class='ocrx_word' id='word_1_13' title='bbox 311 550 363 617; x_wconf 88' lang='lat' dir='ltr'>vel</span> <span class='ocrx_word' id='word_1_14' title='bbox 387 556 498 615; x_wconf 87' lang='lat' dir='ltr'>exstat</span> <span class='ocrx_word' id='word_1_15' title='bbox 519 549 726 633; x_wconf 79' lang='lat' dir='ltr'><strong>praepositio,</strong></span> <span class='ocrx_word' id='word_1_16' title='bbox 757 569 839 633; x_wconf 88' lang='lat' dir='ltr'>quae</span> <span class='ocrx_word' id='word_1_17' title='bbox 863 556 983 617; x_wconf 88' lang='lat' dir='ltr'>motum</span> <span class='ocrx_word' id='word_1_18' title='bbox 1014 551 1046 615; x_wconf 93' lang='lat' dir='ltr'>in</span> <span class='ocrx_word' id='word_1_19' title='bbox 1070 550 1174 616; x_wconf 84' lang='lat' dir='ltr'>locum</span> <span class='ocrx_word' id='word_1_20' title='bbox 1201 556 1296 619; x_wconf 80' lang='lat' dir='ltr'>notat</span> 
     </span>
     <span class='ocr_line' id='line_1_4' title="bbox 117 655 1295 743; baseline 0.002 -20"><span class='ocrx_word' id='word_1_21' title='bbox 117 658 157 743; x_wconf 81' lang='grc' dir='ltr'><strong>(Ι.</strong></span> <span class='ocrx_word' id='word_1_22' title='bbox 183 664 211 723; x_wconf 92' lang='grc'><strong>5.</strong></span> <span class='ocrx_word' id='word_1_23' title='bbox 236 660 301 737; x_wconf 89' lang='grc'><strong>65),</strong></span> <span class='ocrx_word' id='word_1_24' title='bbox 325 655 453 722; x_wconf 88' lang='lat' dir='ltr'>nomina</span> <span class='ocrx_word' id='word_1_25' title='bbox 477 662 594 736; x_wconf 89' lang='lat' dir='ltr'>autem,</span> <span class='ocrx_word' id='word_1_26' title='bbox 625 676 706 738; x_wconf 87' lang='lat' dir='ltr'>quae</span> <span class='ocrx_word' id='word_1_27' title='bbox 728 676 796 723; x_wconf 89' lang='lat' dir='ltr'>rem</span> <span class='ocrx_word' id='word_1_28' title='bbox 819 656 1011 739; x_wconf 85' lang='lat' dir='ltr'>significant,</span> <span class='ocrx_word' id='word_1_29' title='bbox 1027 661 1145 723; x_wconf 89' lang='lat' dir='ltr'>motum</span> <span class='ocrx_word' id='word_1_30' title='bbox 1169 675 1214 724; x_wconf 88' lang='lat' dir='ltr'>ex</span> <span class='ocrx_word' id='word_1_31' title='bbox 1238 656 1295 725; x_wconf 81' lang='lat' dir='ltr'>all-</span> 
     </span>
     <span class='ocr_line' id='line_1_5' title="bbox 116 761 1295 847; baseline 0.001 -17"><span class='ocrx_word' id='word_1_32' title='bbox 116 784 178 847; x_wconf 90' lang='lat' dir='ltr'>quo</span> <span class='ocrx_word' id='word_1_33' title='bbox 208 765 277 830; x_wconf 88' lang='lat' dir='ltr'>loco</span> <span class='ocrx_word' id='word_1_34' title='bbox 308 761 493 845; x_wconf 87' lang='lat' dir='ltr'>exprimunt</span> <span class='ocrx_word' id='word_1_35' title='bbox 522 769 556 829; x_wconf 89' lang='lat' dir='ltr'>et</span> <span class='ocrx_word' id='word_1_36' title='bbox 592 764 829 846; x_wconf 83' lang='lat' dir='ltr'>conjunguntur</span> <span class='ocrx_word' id='word_1_37' title='bbox 859 765 911 830; x_wconf 88' lang='lat' dir='ltr'>vel</span> <span class='ocrx_word' id='word_1_38' title='bbox 942 783 1013 831; x_wconf 86' lang='lat' dir='ltr'>eum</span> <span class='ocrx_word' id='word_1_39' title='bbox 1045 763 1193 831; x_wconf 88' lang='lat' dir='ltr'>ablativo</span> <span class='ocrx_word' id='word_1_40' title='bbox 1226 766 1295 831; x_wconf 88' lang='lat' dir='ltr'>solo</span> 
     </span>
     <span class='ocr_line' id='line_1_6' title="bbox 117 868 1295 956; baseline 0.002 -21"><span class='ocrx_word' id='word_1_41' title='bbox 117 872 156 956; x_wconf 93' lang='grc' dir='ltr'><strong>(Ι.</strong></span> <span class='ocrx_word' id='word_1_42' title='bbox 181 879 210 937; x_wconf 87' lang='lat'>3.</span> <span class='ocrx_word' id='word_1_43' title='bbox 234 871 300 955; x_wconf 84' lang='grc'><strong>66.)</strong></span> <span class='ocrx_word' id='word_1_44' title='bbox 324 868 376 936; x_wconf 90' lang='lat' dir='ltr'>vel</span> <span class='ocrx_word' id='word_1_45' title='bbox 400 888 469 934; x_wconf 84' lang='lat' dir='ltr'>curn</span> <span class='ocrx_word' id='word_1_46' title='bbox 494 869 795 951; x_wconf 87' lang='lat' dir='ltr'>praepositionibus,</span> <span class='ocrx_word' id='word_1_47' title='bbox 819 890 901 953; x_wconf 87' lang='lat' dir='ltr'>quae</span> <span class='ocrx_word' id='word_1_48' title='bbox 925 876 1001 938; x_wconf 90' lang='lat' dir='ltr'>sunt</span> <span class='ocrx_word' id='word_1_49' title='bbox 1027 871 1107 952; x_wconf 83' lang='lat' dir='ltr'>„de“</span> <span class='ocrx_word' id='word_1_50' title='bbox 1133 871 1295 953; x_wconf 75' lang='grc'><strong>(12.82)</strong></span> 
     </span>
     <span class='ocr_line' id='line_1_7' title="bbox 116 972 1284 1060; baseline -0.008 -14"><span class='ocrx_word' id='word_1_51' title='bbox 116 978 168 1046; x_wconf 90' lang='lat' dir='ltr'>vel</span> <span class='ocrx_word' id='word_1_52' title='bbox 196 980 275 1060; x_wconf 85' lang='lat' dir='ltr'>,ex“</span> <span class='ocrx_word' id='word_1_53' title='bbox 302 977 340 1057; x_wconf 92' lang='grc' dir='ltr'><strong>(Ι.</strong></span> <span class='ocrx_word' id='word_1_54' title='bbox 366 983 415 1042; x_wconf 90' lang='grc'>10.</span> <span class='ocrx_word' id='word_1_55' title='bbox 441 980 503 1052; x_wconf 91' lang='grc'><strong>60.)</strong></span> <span class='ocrx_word' id='word_1_56' title='bbox 1280 972 1284 977; x_wconf 80' lang='grc'><em>’</em></span> 
     </span>
     <span class='ocr_line' id='line_1_8' title="bbox 419 1073 757 1149; baseline 0 -1"><span class='ocrx_word' id='word_1_57' title='bbox 419 1073 423 1079; x_wconf 70' lang='grc'><em>’</em></span> <span class='ocrx_word' id='word_1_58' title='bbox 654 1088 682 1148; x_wconf 95' lang='grc'><strong>5.</strong></span> <span class='ocrx_word' id='word_1_59' title='bbox 709 1102 757 1149; x_wconf 93' lang='lat' dir='ltr'>ex.</span> 
     </span>
     <span class='ocr_line' id='line_1_9' title="bbox 122 1188 1296 1258; baseline 0.002 -2"><span class='ocrx_word' id='word_1_60' title='bbox 122 1189 315 1257; x_wconf 70' lang='lat' dir='ltr'>terentio:</span> <span class='ocrx_word' id='word_1_61' title='bbox 360 1189 403 1255; x_wconf 96' lang='grc' dir='ltr'><strong>ΙΙ.</strong></span> <span class='ocrx_word' id='word_1_62' title='bbox 427 1189 456 1255; x_wconf 91' lang='lat'>6.</span> <span class='ocrx_word' id='word_1_63' title='bbox 482 1197 541 1255; x_wconf 74' lang='lat'>13:</span> <span class='ocrx_word' id='word_1_64' title='bbox 575 1188 654 1255; x_wconf 83' lang='lat' dir='ltr'>Mihi</span> <span class='ocrx_word' id='word_1_65' title='bbox 687 1188 855 1256; x_wconf 81' lang='lat' dir='ltr'>excutiunt</span> <span class='ocrx_word' id='word_1_66' title='bbox 885 1191 1014 1256; x_wconf 88' lang='lat' dir='ltr'>clausae</span> <span class='ocrx_word' id='word_1_67' title='bbox 1051 1188 1151 1256; x_wconf 80' lang='lat' dir='ltr'>tortia</span> <span class='ocrx_word' id='word_1_68' title='bbox 1192 1192 1296 1258; x_wconf 88' lang='lat' dir='ltr'>verba</span> 
     </span>
     <span class='ocr_line' id='line_1_10' title="bbox 578 1294 672 1362; baseline 0.011 -2"><span class='ocrx_word' id='word_1_69' title='bbox 578 1294 672 1362; x_wconf 81' lang='lat' dir='ltr'>fores</span> 
     </span>
     <span class='ocr_line' id='line_1_11' title="bbox 120 1402 1043 1484; baseline -0.004 -15"><span class='ocrx_word' id='word_1_70' title='bbox 120 1413 147 1472; x_wconf 77' lang='lat'>2.</span> <span class='ocrx_word' id='word_1_71' title='bbox 172 1403 324 1471; x_wconf 87' lang='lat' dir='ltr'>exhibeo:</span> <span class='ocrx_word' id='word_1_72' title='bbox 362 1402 405 1468; x_wconf 87' lang='grc' dir='ltr'><strong>ΙΙ.</strong></span> <span class='ocrx_word' id='word_1_73' title='bbox 431 1410 459 1468; x_wconf 92' lang='grc'><strong>1.</strong></span> <span class='ocrx_word' id='word_1_74' title='bbox 484 1410 542 1469; x_wconf 82' lang='lat' dir='ltr'>ol:</span> <span class='ocrx_word' id='word_1_75' title='bbox 578 1403 694 1469; x_wconf 83' lang='lat' dir='ltr'>Curam</span> <span class='ocrx_word' id='word_1_76' title='bbox 718 1404 904 1469; x_wconf 79' lang='lat' dir='ltr'>exhibitura</span> <span class='ocrx_word' id='word_1_77' title='bbox 927 1402 1043 1484; x_wconf 84' lang='lat' dir='ltr'>puellis</span> 
     </span>
     <span class='ocr_line' id='line_1_12' title="bbox 120 1510 1061 1594; baseline -0.001 -21"><span class='ocrx_word' id='word_1_78' title='bbox 120 1521 148 1579; x_wconf 90' lang='lat'>3.</span> <span class='ocrx_word' id='word_1_79' title='bbox 172 1511 317 1594; x_wconf 88' lang='lat' dir='ltr'>expello:</span> <span class='ocrx_word' id='word_1_80' title='bbox 368 1510 411 1575; x_wconf 93' lang='grc' dir='ltr'><strong>ΙΙ.</strong></span> <span class='ocrx_word' id='word_1_81' title='bbox 436 1516 464 1574; x_wconf 88' lang='grc'>3.</span> <span class='ocrx_word' id='word_1_82' title='bbox 492 1515 548 1576; x_wconf 90' lang='lat'>14:</span> <span class='ocrx_word' id='word_1_83' title='bbox 582 1510 725 1577; x_wconf 76' lang='lat' dir='ltr'>Stabulis</span> <span class='ocrx_word' id='word_1_84' title='bbox 749 1510 912 1592; x_wconf 82' lang='lat' dir='ltr'>expellere</span> <span class='ocrx_word' id='word_1_85' title='bbox 935 1527 1061 1576; x_wconf 80' lang='lat' dir='ltr'>vaccas.</span> 
     </span>
     <span class='ocr_line' id='line_1_13' title="bbox 192 1615 1021 1698; baseline -0.005 -14"><span class='ocrx_word' id='word_1_86' title='bbox 192 1618 330 1684; x_wconf 76' lang='lat' dir='ltr'>Ps-Tib.</span> <span class='ocrx_word' id='word_1_87' title='bbox 354 1615 410 1680; x_wconf 92' lang='lat' dir='ltr'>IV.</span> <span class='ocrx_word' id='word_1_88' title='bbox 434 1620 464 1680; x_wconf 88' lang='lat'>4.</span> <span class='ocrx_word' id='word_1_89' title='bbox 514 1623 547 1684; x_wconf 88' lang='lat' dir='ltr'>l:</span> <span class='ocrx_word' id='word_1_90' title='bbox 582 1618 712 1684; x_wconf 89' lang='lat' dir='ltr'>Morbos</span> <span class='ocrx_word' id='word_1_91' title='bbox 736 1617 862 1698; x_wconf 81' lang='lat' dir='ltr'>expelle</span> <span class='ocrx_word' id='word_1_92' title='bbox 886 1616 1021 1698; x_wconf 90' lang='lat' dir='ltr'>puellae.</span> 
     </span>
     <span class='ocr_line' id='line_1_14' title="bbox 119 1723 1301 1807; baseline -0.001 -15"><span class='ocrx_word' id='word_1_93' title='bbox 119 1733 149 1792; x_wconf 85' lang='lat'>4.</span> <span class='ocrx_word' id='word_1_94' title='bbox 171 1724 292 1807; x_wconf 88' lang='lat' dir='ltr'>eripio:</span> <span class='ocrx_word' id='word_1_95' title='bbox 368 1727 410 1791; x_wconf 92' lang='grc' dir='ltr'><strong>ΙΙ.</strong></span> <span class='ocrx_word' id='word_1_96' title='bbox 435 1731 464 1790; x_wconf 89' lang='grc'><strong>4.</strong></span> <span class='ocrx_word' id='word_1_97' title='bbox 488 1732 549 1790; x_wconf 79' lang='lat'>40:</span> <span class='ocrx_word' id='word_1_98' title='bbox 585 1727 631 1790; x_wconf 83' lang='lat' dir='ltr'>At</span> <span class='ocrx_word' id='word_1_99' title='bbox 649 1724 709 1790; x_wconf 89' lang='lat' dir='ltr'>tibi</span> <span class='ocrx_word' id='word_1_100' title='bbox 728 1723 868 1805; x_wconf 90' lang='lat' dir='ltr'>eripiant</span> <span class='ocrx_word' id='word_1_101' title='bbox 887 1729 999 1804; x_wconf 90' lang='lat' dir='ltr'>partas</span> <span class='ocrx_word' id='word_1_102' title='bbox 1020 1730 1134 1789; x_wconf 91' lang='lat' dir='ltr'>ventus</span> <span class='ocrx_word' id='word_1_103' title='bbox 1154 1729 1191 1789; x_wconf 88' lang='lat' dir='ltr'>et</span> <span class='ocrx_word' id='word_1_104' title='bbox 1209 1723 1301 1807; x_wconf 81' lang='lat' dir='ltr'>ignis</span> 
     </span>
     <span class='ocr_line' id='line_1_15' title="bbox 591 1851 677 1914; baseline -0.012 -15"><span class='ocrx_word' id='word_1_105' title='bbox 591 1851 677 1914; x_wconf 81' lang='lat' dir='ltr'>opes</span> 
     </span>
     <span class='ocr_line' id='line_1_16' title="bbox 368 1934 1187 2022; baseline -0.005 -18"><span class='ocrx_word' id='word_1_106' title='bbox 368 1940 411 2006; x_wconf 91' lang='grc' dir='ltr'><strong>ΙΙ.</strong></span> <span class='ocrx_word' id='word_1_107' title='bbox 436 1947 466 2006; x_wconf 89' lang='grc'><strong>5.</strong></span> <span class='ocrx_word' id='word_1_108' title='bbox 491 1948 551 2006; x_wconf 83' lang='lat'>91:</span> <span class='ocrx_word' id='word_1_109' title='bbox 586 1941 751 2022; x_wconf 82' lang='lat' dir='ltr'>Notusque</span> <span class='ocrx_word' id='word_1_110' title='bbox 775 1940 904 2021; x_wconf 86' lang='lat' dir='ltr'>parenti</span> <span class='ocrx_word' id='word_1_111' title='bbox 928 1938 1038 2003; x_wconf 85' lang='lat' dir='ltr'>oscula</span> <span class='ocrx_word' id='word_1_112' title='bbox 1061 1934 1187 2017; x_wconf 88' lang='lat' dir='ltr'>eripiet.</span> 
     </span>
     <span class='ocr_line' id='line_1_17' title="bbox 190 2044 1040 2127; baseline -0.004 -17"><span class='ocrx_word' id='word_1_113' title='bbox 190 2044 327 2111; x_wconf 78' lang='lat' dir='ltr'>Ps-uto.</span> <span class='ocrx_word' id='word_1_114' title='bbox 352 2047 413 2111; x_wconf 92' lang='grc' dir='ltr'><strong>ΙΙΙ.</strong></span> <span class='ocrx_word' id='word_1_115' title='bbox 438 2052 466 2111; x_wconf 78' lang='lat'>2.</span> <span class='ocrx_word' id='word_1_116' title='bbox 516 2053 550 2112; x_wconf 88' lang='lat'>1:</span> <span class='ocrx_word' id='word_1_117' title='bbox 585 2046 718 2112; x_wconf 90' lang='lat' dir='ltr'>Puellae</span> <span class='ocrx_word' id='word_1_118' title='bbox 742 2044 862 2127; x_wconf 89' lang='lat' dir='ltr'>eripuit</span> <span class='ocrx_word' id='word_1_119' title='bbox 880 2046 1040 2127; x_wconf 88' lang='lat' dir='ltr'>juvenem.</span> 
     </span>
     <span class='ocr_line' id='line_1_18' title="bbox 121 2152 1177 2234; baseline -0.004 -14"><span class='ocrx_word' id='word_1_120' title='bbox 121 2161 148 2220; x_wconf 89' lang='grc'><strong>5.</strong></span> <span class='ocrx_word' id='word_1_121' title='bbox 173 2158 323 2220; x_wconf 87' lang='lat' dir='ltr'>exstruo:</span> <span class='ocrx_word' id='word_1_122' title='bbox 370 2153 413 2218; x_wconf 89' lang='grc' dir='ltr'><strong>ΙΙ.</strong></span> <span class='ocrx_word' id='word_1_123' title='bbox 439 2158 467 2218; x_wconf 87' lang='lat'>5.</span> <span class='ocrx_word' id='word_1_124' title='bbox 491 2159 552 2218; x_wconf 85' lang='lat'>39:</span> <span class='ocrx_word' id='word_1_125' title='bbox 587 2154 633 2218; x_wconf 83' lang='lat' dir='ltr'>At</span> <span class='ocrx_word' id='word_1_126' title='bbox 655 2153 715 2218; x_wconf 89' lang='lat' dir='ltr'>sibi</span> <span class='ocrx_word' id='word_1_127' title='bbox 739 2152 872 2234; x_wconf 83' lang='lat' dir='ltr'>quisque</span> <span class='ocrx_word' id='word_1_128' title='bbox 895 2153 995 2233; x_wconf 89' lang='lat' dir='ltr'>dapes</span> <span class='ocrx_word' id='word_1_129' title='bbox 1019 2156 1177 2216; x_wconf 86' lang='lat' dir='ltr'>exstruet.</span> 
     </span>
     <span class='ocr_line' id='line_1_19' title="bbox 208 2257 1301 2343; baseline 0.002 -18"><span class='ocrx_word' id='word_1_130' title='bbox 208 2260 261 2326; x_wconf 85' lang='lat' dir='ltr'>Ex</span> <span class='ocrx_word' id='word_1_131' title='bbox 284 2260 334 2326; x_wconf 90' lang='lat' dir='ltr'>bis</span> <span class='ocrx_word' id='word_1_132' title='bbox 358 2278 482 2343; x_wconf 88' lang='lat' dir='ltr'>quoque</span> <span class='ocrx_word' id='word_1_133' title='bbox 506 2259 661 2343; x_wconf 87' lang='lat' dir='ltr'>exemplis</span> <span class='ocrx_word' id='word_1_134' title='bbox 685 2265 824 2340; x_wconf 84' lang='lat' dir='ltr'>apparet</span> <span class='ocrx_word' id='word_1_135' title='bbox 846 2257 976 2324; x_wconf 88' lang='lat' dir='ltr'>nomina</span> <span class='ocrx_word' id='word_1_136' title='bbox 999 2276 1158 2339; x_wconf 83' lang='lat' dir='ltr'>personae</span> <span class='ocrx_word' id='word_1_137' title='bbox 1182 2257 1217 2325; x_wconf 89' lang='lat' dir='ltr'>in</span> <span class='ocrx_word' id='word_1_138' title='bbox 1243 2260 1301 2326; x_wconf 85' lang='lat' dir='ltr'>da-</span> 
     </span>
     <span class='ocr_line' id='line_1_20' title="bbox 121 2365 1303 2448; baseline 0.001 -16"><span class='ocrx_word' id='word_1_139' title='bbox 121 2368 188 2435; x_wconf 90' lang='lat' dir='ltr'>tivo</span> <span class='ocrx_word' id='word_1_140' title='bbox 221 2367 337 2448; x_wconf 90' lang='lat' dir='ltr'>ubique</span> <span class='ocrx_word' id='word_1_141' title='bbox 369 2367 444 2448; x_wconf 92' lang='lat' dir='ltr'>poni</span> <span class='ocrx_word' id='word_1_142' title='bbox 477 2367 530 2432; x_wconf 86' lang='lat' dir='ltr'>vel</span> <span class='ocrx_word' id='word_1_143' title='bbox 561 2386 582 2432; x_wconf 92' lang='lat' dir='ltr'>a</span> <span class='ocrx_word' id='word_1_144' title='bbox 610 2366 738 2432; x_wconf 83' lang='lat' dir='ltr'>Tibullo</span> <span class='ocrx_word' id='word_1_145' title='bbox 778 2366 828 2432; x_wconf 89' lang='lat' dir='ltr'>vel</span> <span class='ocrx_word' id='word_1_146' title='bbox 852 2367 885 2431; x_wconf 94' lang='lat' dir='ltr'>in</span> <span class='ocrx_word' id='word_1_147' title='bbox 921 2365 1117 2432; x_wconf 80' lang='lat' dir='ltr'>carminibus</span> <span class='ocrx_word' id='word_1_148' title='bbox 1148 2365 1303 2447; x_wconf 78' lang='lat' dir='ltr'>Ps-Tib,</span> 
     </span>
    </p>
   </div>
   <div class='ocr_carea' id='block_1_3' title="bbox 121 2454 1304 2771">
    <p class='ocr_par' dir='ltr' id='par_1_3' title="bbox 121 2454 1304 2771">
     <span class='ocr_line' id='line_1_21' title="bbox 121 2454 1304 2558; baseline 0.002 -20"><span class='ocrx_word' id='word_1_149' title='bbox 121 2473 250 2539; x_wconf 89' lang='lat' dir='ltr'>nomina</span> <span class='ocrx_word' id='word_1_150' title='bbox 281 2481 389 2537; x_wconf 90' lang='lat' dir='ltr'>antem</span> <span class='ocrx_word' id='word_1_151' title='bbox 422 2471 470 2536; x_wconf 86' lang='lat' dir='ltr'>rei</span> <span class='ocrx_word' id='word_1_152' title='bbox 503 2472 535 2537; x_wconf 92' lang='lat' dir='ltr'>in</span> <span class='ocrx_word' id='word_1_153' title='bbox 566 2454 709 2540; x_wconf 80' lang='lat' dir='ltr'>ablativo</span> <span class='ocrx_word' id='word_1_154' title='bbox 742 2474 798 2557; x_wconf 89' lang='lat' dir='ltr'><strong>(II.</strong></span> <span class='ocrx_word' id='word_1_155' title='bbox 833 2475 951 2558; x_wconf 79' lang='lat'><strong>314.)</strong></span> <span class='ocrx_word' id='word_1_156' title='bbox 999 2470 1163 2554; x_wconf 83' lang='lat' dir='ltr'>Vergilius</span> <span class='ocrx_word' id='word_1_157' title='bbox 1187 2472 1304 2540; x_wconf 88' lang='lat' dir='ltr'>dativo</span> 
     </span>
     <span class='ocr_line' id='line_1_22' title="bbox 122 2577 1304 2661; baseline 0.001 -16"><span class='ocrx_word' id='word_1_158' title='bbox 122 2579 169 2645; x_wconf 91' lang='lat' dir='ltr'>uti</span> <span class='ocrx_word' id='word_1_159' title='bbox 193 2578 321 2645; x_wconf 86' lang='lat' dir='ltr'>videtur</span> <span class='ocrx_word' id='word_1_160' title='bbox 345 2578 458 2661; x_wconf 90' lang='lat' dir='ltr'>solere,</span> <span class='ocrx_word' id='word_1_161' title='bbox 489 2579 522 2646; x_wconf 92' lang='lat' dir='ltr'>in</span> <span class='ocrx_word' id='word_1_162' title='bbox 553 2583 633 2648; x_wconf 86' lang='lat' dir='ltr'>Aen.</span> <span class='ocrx_word' id='word_1_163' title='bbox 667 2584 692 2647; x_wconf 91' lang='grc' dir='ltr'><strong>Ι.</strong></span> <span class='ocrx_word' id='word_1_164' title='bbox 727 2588 790 2647; x_wconf 89' lang='grc'>596</span> <span class='ocrx_word' id='word_1_165' title='bbox 823 2588 930 2646; x_wconf 83' lang='lat' dir='ltr'>auteur</span> <span class='ocrx_word' id='word_1_166' title='bbox 956 2585 1067 2647; x_wconf 89' lang='lat' dir='ltr'>exstat</span> <span class='ocrx_word' id='word_1_167' title='bbox 1090 2577 1304 2661; x_wconf 73' lang='lat' dir='ltr'>praepositio,</span> 
     </span>
     <span class='ocr_line' id='line_1_23' title="bbox 122 2685 1091 2771; baseline 0.001 -20"><span class='ocrx_word' id='word_1_168' title='bbox 122 2705 203 2769; x_wconf 87' lang='lat' dir='ltr'>quae</span> <span class='ocrx_word' id='word_1_169' title='bbox 227 2693 278 2751; x_wconf 91' lang='lat' dir='ltr'>est</span> <span class='ocrx_word' id='word_1_170' title='bbox 301 2686 397 2770; x_wconf 86' lang='lat' dir='ltr'>„ab“;</span> <span class='ocrx_word' id='word_1_171' title='bbox 420 2690 569 2771; x_wconf 85' lang='lat' dir='ltr'>„Aeneas</span> <span class='ocrx_word' id='word_1_172' title='bbox 594 2688 725 2771; x_wconf 85' lang='lat' dir='ltr'>Libycis</span> <span class='ocrx_word' id='word_1_173' title='bbox 749 2693 880 2769; x_wconf 91' lang='lat' dir='ltr'>ereptus</span> <span class='ocrx_word' id='word_1_174' title='bbox 904 2689 945 2753; x_wconf 88' lang='lat' dir='ltr'>ab</span> <span class='ocrx_word' id='word_1_175' title='bbox 969 2685 1091 2753; x_wconf 88' lang='lat' dir='ltr'>undis.“</span> 
     </span>
    </p>
   </div>
   <div class='ocr_carea' id='block_1_4' title="bbox 123 2831 1306 4522">
    <p class='ocr_par' dir='ltr' id='par_1_4' title="bbox 664 2831 758 2896">
     <span class='ocr_line' id='line_1_24' title="bbox 664 2831 758 2896; baseline 0 -1"><span class='ocrx_word' id='word_1_176' title='bbox 664 2838 692 2895; x_wconf 86' lang='lat'>6.</span> <span class='ocrx_word' id='word_1_177' title='bbox 716 2831 758 2896; x_wconf 88' lang='lat' dir='ltr'>in.</span> 
     </span>
    </p>

    <p class='ocr_par' dir='ltr' id='par_1_5' title="bbox 123 2934 1306 3557">
     <span class='ocr_line' id='line_1_25' title="bbox 211 2934 1306 3017; baseline 0.004 -16"><span class='ocrx_word' id='word_1_178' title='bbox 211 2937 357 3002; x_wconf 77' lang='lat' dir='ltr'>Tibullus</span> <span class='ocrx_word' id='word_1_179' title='bbox 382 2936 510 3004; x_wconf 84' lang='lat' dir='ltr'>videtur·</span> <span class='ocrx_word' id='word_1_180' title='bbox 534 2942 659 3003; x_wconf 88' lang='lat' dir='ltr'>tantum</span> <span class='ocrx_word' id='word_1_181' title='bbox 683 2937 827 3005; x_wconf 87' lang='lat' dir='ltr'>dativum</span> <span class='ocrx_word' id='word_1_182' title='bbox 848 2937 1035 3017; x_wconf 80' lang='lat' dir='ltr'>admittere,</span> <span class='ocrx_word' id='word_1_183' title='bbox 1052 2937 1085 3002; x_wconf 91' lang='lat' dir='ltr'>in</span> <span class='ocrx_word' id='word_1_184' title='bbox 1105 2934 1306 3005; x_wconf 84' lang='lat' dir='ltr'>carminibus</span> 
     </span>
     <span class='ocr_line' id='line_1_26' title="bbox 123 3037 1304 3128; baseline 0.001 -18"><span class='ocrx_word' id='word_1_185' title='bbox 123 3051 231 3110; x_wconf 89' lang='lat' dir='ltr'>autem</span> <span class='ocrx_word' id='word_1_186' title='bbox 254 3044 392 3110; x_wconf 79' lang='lat' dir='ltr'>Ps-uto.</span> <span class='ocrx_word' id='word_1_187' title='bbox 417 3044 468 3110; x_wconf 91' lang='lat' dir='ltr'>vel</span> <span class='ocrx_word' id='word_1_188' title='bbox 493 3044 622 3111; x_wconf 89' lang='lat' dir='ltr'>dativus</span> <span class='ocrx_word' id='word_1_189' title='bbox 638 3046 712 3127; x_wconf 90' lang='grc' dir='ltr'><strong>(ΙΙΙ.</strong></span> <span class='ocrx_word' id='word_1_190' title='bbox 733 3037 767 3111; x_wconf 90' lang='grc'>6.</span> <span class='ocrx_word' id='word_1_191' title='bbox 791 3049 846 3126; x_wconf 89' lang='grc'>64)</span> <span class='ocrx_word' id='word_1_192' title='bbox 862 3047 915 3113; x_wconf 86' lang='lat' dir='ltr'>vel</span> <span class='ocrx_word' id='word_1_193' title='bbox 934 3045 1096 3111; x_wconf 88' lang='lat' dir='ltr'>ablativus</span> <span class='ocrx_word' id='word_1_194' title='bbox 1113 3044 1188 3128; x_wconf 80' lang='grc' dir='ltr'><strong>(ΙΠ.</strong></span> <span class='ocrx_word' id='word_1_195' title='bbox 1206 3049 1227 3109; x_wconf 86' lang='grc'>3</span> <span class='ocrx_word' id='word_1_196' title='bbox 1247 3050 1304 3126; x_wconf 85' lang='grc'>13)</span> 
     </span>
     <span class='ocr_line' id='line_1_27' title="bbox 123 3150 1304 3235; baseline 0.001 -18"><span class='ocrx_word' id='word_1_197' title='bbox 123 3151 175 3218; x_wconf 92' lang='lat' dir='ltr'>vel</span> <span class='ocrx_word' id='word_1_198' title='bbox 205 3151 412 3235; x_wconf 85' lang='lat' dir='ltr'>praepositio,</span> <span class='ocrx_word' id='word_1_199' title='bbox 443 3171 524 3233; x_wconf 87' lang='lat' dir='ltr'>quae</span> <span class='ocrx_word' id='word_1_200' title='bbox 555 3158 606 3217; x_wconf 90' lang='lat' dir='ltr'>est</span> <span class='ocrx_word' id='word_1_201' title='bbox 635 3153 705 3235; x_wconf 86' lang='lat' dir='ltr'>„iu“</span> <span class='ocrx_word' id='word_1_202' title='bbox 736 3154 802 3233; x_wconf 82' lang='lat' dir='ltr'><strong>(IV.</strong></span> <span class='ocrx_word' id='word_1_203' title='bbox 837 3161 863 3219; x_wconf 92' lang='lat' dir='ltr'>l.</span> <span class='ocrx_word' id='word_1_204' title='bbox 897 3155 951 3234; x_wconf 85' lang='grc'><strong>36)</strong></span> <span class='ocrx_word' id='word_1_205' title='bbox 983 3150 1129 3218; x_wconf 90' lang='lat' dir='ltr'>adbibita</span> <span class='ocrx_word' id='word_1_206' title='bbox 1157 3168 1230 3217; x_wconf 89' lang='grc'><strong>6666</strong></span> <span class='ocrx_word' id='word_1_207' title='bbox 1252 3151 1304 3218; x_wconf 93' lang='lat' dir='ltr'>vi·</span> 
     </span>
     <span class='ocr_line' id='line_1_28' title="bbox 123 3256 1301 3343; baseline 0 -19"><span class='ocrx_word' id='word_1_208' title='bbox 123 3260 248 3343; x_wconf 90' lang='lat' dir='ltr'>dentur,</span> <span class='ocrx_word' id='word_1_209' title='bbox 283 3258 448 3340; x_wconf 88' lang='lat' dir='ltr'>Vergilius</span> <span class='ocrx_word' id='word_1_210' title='bbox 483 3258 619 3340; x_wconf 92' lang='lat' dir='ltr'>denique</span> <span class='ocrx_word' id='word_1_211' title='bbox 654 3260 839 3340; x_wconf 86' lang='lat' dir='ltr'>plerumque</span> <span class='ocrx_word' id='word_1_212' title='bbox 880 3260 989 3325; x_wconf 92' lang='lat' dir='ltr'>dativo</span> <span class='ocrx_word' id='word_1_213' title='bbox 1024 3259 1143 3338; x_wconf 91' lang='lat' dir='ltr'>utitur,</span> <span class='ocrx_word' id='word_1_214' title='bbox 1188 3256 1301 3324; x_wconf 86' lang='lat' dir='ltr'>rarius</span> 
     </span>
     <span class='ocr_line' id='line_1_29' title="bbox 123 3364 1303 3449; baseline -0.001 -18"><span class='ocrx_word' id='word_1_215' title='bbox 123 3364 267 3433; x_wconf 88' lang='lat' dir='ltr'>ablativo</span> <span class='ocrx_word' id='word_1_216' title='bbox 298 3367 392 3447; x_wconf 87' lang='lat' dir='ltr'>(Aeo.</span> <span class='ocrx_word' id='word_1_217' title='bbox 427 3367 585 3432; x_wconf 80' lang='lat' dir='ltr'>Vl.174:</span> <span class='ocrx_word' id='word_1_218' title='bbox 620 3366 751 3446; x_wconf 85' lang='lat' dir='ltr'>„Virum</span> <span class='ocrx_word' id='word_1_219' title='bbox 775 3386 925 3449; x_wconf 88' lang='lat' dir='ltr'>spumosa</span> <span class='ocrx_word' id='word_1_220' title='bbox 955 3366 1157 3433; x_wconf 87' lang='lat' dir='ltr'>immerserat</span> <span class='ocrx_word' id='word_1_221' title='bbox 1181 3366 1303 3446; x_wconf 87' lang='lat' dir='ltr'>unda“)</span> 
     </span>
     <span class='ocr_line' id='line_1_30' title="bbox 123 3468 1304 3557; baseline -0.003 -16"><span class='ocrx_word' id='word_1_222' title='bbox 123 3473 175 3541; x_wconf 85' lang='lat' dir='ltr'>vel</span> <span class='ocrx_word' id='word_1_223' title='bbox 199 3472 437 3554; x_wconf 91' lang='lat' dir='ltr'>praepositione</span> <span class='ocrx_word' id='word_1_224' title='bbox 471 3474 592 3540; x_wconf 86' lang='lat' dir='ltr'>iterata</span> <span class='ocrx_word' id='word_1_225' title='bbox 615 3476 707 3557; x_wconf 85' lang='lat' dir='ltr'>(Aen.</span> <span class='ocrx_word' id='word_1_226' title='bbox 732 3474 773 3541; x_wconf 90' lang='lat' dir='ltr'>X.</span> <span class='ocrx_word' id='word_1_227' title='bbox 799 3482 861 3541; x_wconf 79' lang='grc'>576</span> <span class='ocrx_word' id='word_1_228' title='bbox 885 3474 1002 3557; x_wconf 73' lang='lat' dir='ltr'>,infert</span> <span class='ocrx_word' id='word_1_229' title='bbox 1025 3493 1059 3540; x_wconf 89' lang='lat' dir='ltr'>se</span> <span class='ocrx_word' id='word_1_230' title='bbox 1082 3474 1115 3539; x_wconf 93' lang='lat' dir='ltr'>in</span> <span class='ocrx_word' id='word_1_231' title='bbox 1139 3468 1304 3555; x_wconf 68' lang='lat' dir='ltr'>medios‘o</span> 
     </span>
    </p>

    <p class='ocr_par' dir='ltr' id='par_1_6' title="bbox 519 3582 897 3664">
     <span class='ocr_line' id='line_1_31' title="bbox 519 3582 897 3664; baseline 0.005 -17"><span class='ocrx_word' id='word_1_232' title='bbox 519 3582 679 3664; x_wconf 84' lang='lat' dir='ltr'>Exempla</span> <span class='ocrx_word' id='word_1_233' title='bbox 703 3591 780 3649; x_wconf 90' lang='lat' dir='ltr'>sunt·</span> <span class='ocrx_word' id='word_1_234' title='bbox 801 3585 897 3649; x_wconf 85' lang='lat' dir='ltr'>haee:</span> 
     </span>
    </p>

    <p class='ocr_par' dir='ltr' id='par_1_7' title="bbox 126 3686 1086 3985">
     <span class='ocr_line' id='line_1_32' title="bbox 127 3686 1016 3770; baseline 0.001 -18"><span class='ocrx_word' id='word_1_235' title='bbox 127 3695 154 3752; x_wconf 87' lang='lat' dir='ltr'>l.</span> <span class='ocrx_word' id='word_1_236' title='bbox 177 3686 358 3753; x_wconf 82' lang='lat' dir='ltr'>imrnisceo:</span> <span class='ocrx_word' id='word_1_237' title='bbox 380 3687 406 3752; x_wconf 92' lang='grc' dir='ltr'><strong>Ι.</strong></span> <span class='ocrx_word' id='word_1_238' title='bbox 432 3694 460 3753; x_wconf 86' lang='grc'><strong>3.</strong></span> <span class='ocrx_word' id='word_1_239' title='bbox 486 3695 545 3755; x_wconf 88' lang='lat'>63:</span> <span class='ocrx_word' id='word_1_240' title='bbox 590 3689 698 3756; x_wconf 88' lang='lat' dir='ltr'>Series</span> <span class='ocrx_word' id='word_1_241' title='bbox 722 3689 868 3755; x_wconf 87' lang='lat' dir='ltr'>immixta</span> <span class='ocrx_word' id='word_1_242' title='bbox 892 3687 1016 3770; x_wconf 89' lang='lat' dir='ltr'>puellis.</span> 
     </span>
     <span class='ocr_line' id='line_1_33' title="bbox 126 3793 969 3877; baseline 0.004 -19"><span class='ocrx_word' id='word_1_243' title='bbox 126 3801 154 3859; x_wconf 75' lang='lat'>2.</span> <span class='ocrx_word' id='word_1_244' title='bbox 176 3793 321 3875; x_wconf 80' lang='lat' dir='ltr'>implico:</span> <span class='ocrx_word' id='word_1_245' title='bbox 386 3794 412 3860; x_wconf 89' lang='grc' dir='ltr'><strong>Ι.</strong></span> <span class='ocrx_word' id='word_1_246' title='bbox 436 3801 465 3859; x_wconf 90' lang='grc'><strong>4.</strong></span> <span class='ocrx_word' id='word_1_247' title='bbox 491 3801 548 3861; x_wconf 80' lang='lat'>56:</span> <span class='ocrx_word' id='word_1_248' title='bbox 595 3796 682 3861; x_wconf 86' lang='lat' dir='ltr'>Collo</span> <span class='ocrx_word' id='word_1_249' title='bbox 707 3815 742 3862; x_wconf 90' lang='lat' dir='ltr'>se</span> <span class='ocrx_word' id='word_1_250' title='bbox 766 3795 969 3877; x_wconf 83' lang='lat' dir='ltr'>implicuisse.</span> 
     </span>
     <span class='ocr_line' id='line_1_34' title="bbox 126 3900 1086 3985; baseline 0.002 -20"><span class='ocrx_word' id='word_1_251' title='bbox 126 3908 154 3965; x_wconf 85' lang='lat'>3.</span> <span class='ocrx_word' id='word_1_252' title='bbox 178 3900 321 3983; x_wconf 90' lang='lat' dir='ltr'>impono:</span> <span class='ocrx_word' id='word_1_253' title='bbox 369 3901 411 3967; x_wconf 91' lang='grc' dir='ltr'><strong>ΙΙ.</strong></span> <span class='ocrx_word' id='word_1_254' title='bbox 439 3909 464 3967; x_wconf 89' lang='lat' dir='ltr'>l.</span> <span class='ocrx_word' id='word_1_255' title='bbox 491 3908 549 3967; x_wconf 86' lang='lat' dir='ltr'>lb:</span> <span class='ocrx_word' id='word_1_256' title='bbox 595 3903 711 3968; x_wconf 88' lang='lat' dir='ltr'>Pensis</span> <span class='ocrx_word' id='word_1_257' title='bbox 734 3903 925 3985; x_wconf 88' lang='lat' dir='ltr'>imposuisse</span> <span class='ocrx_word' id='word_1_258' title='bbox 950 3922 1086 3969; x_wconf 89' lang='lat' dir='ltr'>manum.</span> 
     </span>
    </p>

    <p class='ocr_par' dir='ltr' id='par_1_8' title="bbox 368 4009 1304 4092">
     <span class='ocr_line' id='line_1_35' title="bbox 368 4009 1304 4092; baseline 0 -17"><span class='ocrx_word' id='word_1_259' title='bbox 368 4009 410 4075; x_wconf 95' lang='lat' dir='ltr'>II.</span> <span class='ocrx_word' id='word_1_260' title='bbox 439 4017 464 4076; x_wconf 85' lang='lat' dir='ltr'>l.</span> <span class='ocrx_word' id='word_1_261' title='bbox 489 4016 548 4075; x_wconf 85' lang='lat'>60:</span> <span class='ocrx_word' id='word_1_262' title='bbox 593 4009 748 4077; x_wconf 78' lang='lat' dir='ltr'>Coronam</span> <span class='ocrx_word' id='word_1_263' title='bbox 789 4011 867 4078; x_wconf 88' lang='lat' dir='ltr'>feeit</span> <span class='ocrx_word' id='word_1_264' title='bbox 909 4020 943 4078; x_wconf 89' lang='lat' dir='ltr'>et</span> <span class='ocrx_word' id='word_1_265' title='bbox 974 4010 1116 4092; x_wconf 87' lang='lat' dir='ltr'>antiquis</span> <span class='ocrx_word' id='word_1_266' title='bbox 1148 4009 1304 4091; x_wconf 88' lang='lat' dir='ltr'>imposuit</span> 
     </span>
    </p>

    <p class='ocr_par' dir='ltr' id='par_1_9' title="bbox 598 4116 745 4185">
     <span class='ocr_line' id='line_1_36' title="bbox 598 4116 745 4185; baseline 0.027 -4"><span class='ocrx_word' id='word_1_267' title='bbox 598 4116 745 4185; x_wconf 84' lang='lat' dir='ltr'>Laribus</span> 
     </span>
    </p>

    <p class='ocr_par' dir='ltr' id='par_1_10' title="bbox 125 4219 1093 4307">
     <span class='ocr_line' id='line_1_37' title="bbox 125 4219 1093 4307; baseline 0.004 -20"><span class='ocrx_word' id='word_1_268' title='bbox 125 4225 155 4287; x_wconf 83' lang='lat'>4.</span> <span class='ocrx_word' id='word_1_269' title='bbox 178 4219 309 4303; x_wconf 84' lang='lat' dir='ltr'>iugero:</span> <span class='ocrx_word' id='word_1_270' title='bbox 370 4224 413 4289; x_wconf 87' lang='lat'>11.</span> <span class='ocrx_word' id='word_1_271' title='bbox 440 4230 467 4289; x_wconf 93' lang='lat' dir='ltr'>l.</span> <span class='ocrx_word' id='word_1_272' title='bbox 492 4229 547 4290; x_wconf 72' lang='lat'>22:</span> <span class='ocrx_word' id='word_1_273' title='bbox 593 4224 727 4306; x_wconf 84' lang='lat' dir='ltr'>Ingeret</span> <span class='ocrx_word' id='word_1_274' title='bbox 750 4226 878 4292; x_wconf 87' lang='lat' dir='ltr'>ardenti</span> <span class='ocrx_word' id='word_1_275' title='bbox 901 4226 991 4307; x_wconf 80' lang='lat' dir='ltr'>ligna</span> <span class='ocrx_word' id='word_1_276' title='bbox 1014 4224 1093 4292; x_wconf 85' lang='lat' dir='ltr'>loeo.</span> 
     </span>
    </p>

    <p class='ocr_par' dir='ltr' id='par_1_11' title="bbox 371 4331 1067 4414">
     <span class='ocr_line' id='line_1_38' title="bbox 371 4331 1067 4414; baseline 0.007 -20"><span class='ocrx_word' id='word_1_277' title='bbox 371 4331 412 4396; x_wconf 96' lang='grc' dir='ltr'><strong>ΙΙ.</strong></span> <span class='ocrx_word' id='word_1_278' title='bbox 440 4337 466 4396; x_wconf 92' lang='lat' dir='ltr'>l.</span> <span class='ocrx_word' id='word_1_279' title='bbox 489 4336 545 4397; x_wconf 83' lang='lat'>49:</span> <span class='ocrx_word' id='word_1_280' title='bbox 593 4331 707 4397; x_wconf 79' lang='lat' dir='ltr'>Flores</span> <span class='ocrx_word' id='word_1_281' title='bbox 730 4332 801 4414; x_wconf 90' lang='lat' dir='ltr'>apis</span> <span class='ocrx_word' id='word_1_282' title='bbox 824 4332 944 4414; x_wconf 83' lang='lat' dir='ltr'>ingerit</span> <span class='ocrx_word' id='word_1_283' title='bbox 967 4332 1067 4399; x_wconf 82' lang='lat' dir='ltr'>alvea.</span> 
     </span>
    </p>

    <p class='ocr_par' dir='ltr' id='par_1_12' title="bbox 371 4437 1209 4522">
     <span class='ocr_line' id='line_1_39' title="bbox 371 4437 1209 4522; baseline 0.005 -19"><span class='ocrx_word' id='word_1_284' title='bbox 371 4437 414 4503; x_wconf 93' lang='grc' dir='ltr'><strong>ΙΙ.</strong></span> <span class='ocrx_word' id='word_1_285' title='bbox 440 4445 468 4502; x_wconf 92' lang='grc'><strong>5.</strong></span> <span class='ocrx_word' id='word_1_286' title='bbox 499 4443 570 4505; x_wconf 82' lang='lat' dir='ltr'>illl:</span> <span class='ocrx_word' id='word_1_287' title='bbox 594 4440 721 4520; x_wconf 85' lang='lat' dir='ltr'>Ingerit</span> <span class='ocrx_word' id='word_1_288' title='bbox 743 4440 867 4522; x_wconf 87' lang='lat' dir='ltr'>juvenis</span> <span class='ocrx_word' id='word_1_289' title='bbox 891 4441 1062 4508; x_wconf 85' lang='lat' dir='ltr'>maledieta</span> <span class='ocrx_word' id='word_1_290' title='bbox 1085 4441 1209 4522; x_wconf 81' lang='lat' dir='ltr'>puellis</span> 
     </span>
    </p>
   </div>
   <div class='ocr_carea' id='block_1_5' title="bbox 0 0 1418 4920">
    <p class='ocr_par' dir='ltr' id='par_1_13' title="bbox 0 0 1418 4920">
     <span class='ocr_line' id='line_1_40' title="bbox 0 0 1418 4920; baseline 0 0"><span class='ocrx_word' id='word_1_291' title='bbox 0 0 1418 4920; x_wconf 95' lang='lat' dir='ltr'> </span> 
     </span>
    </p>
   </div>
  </div>
 </body>
</html>
