2820 4920
628 237 828 298 ..g-

141 445 245 493 sermo
273 431 332 509 est,
365 446 427 494 non
458 426 602 509 protecto
634 427 668 494 in
701 428 884 497 universnm
916 430 1126 500 directionem
1161 436 1314 504 veniendi

142 534 321 617 exprimere
350 535 430 613 vult,
463 536 520 601 sed
552 554 665 618 equum
699 537 771 604 urbi
801 546 973 606 venturum
1012 558 1084 605 esse
1117 545 1316 625 eundemque

141 642 303 728 perniciei,
335 661 408 708 nam
431 642 537 725 timeo,
567 643 679 725 inquit,
712 644 844 711 Danaos
876 647 1021 712 acdona
1053 647 1203 716 ferentes
1250 652 1315 716 Da·

139 750 227 818 tivns
261 751 348 817 solus
381 748 416 816 in
449 751 533 816 hunc
567 750 670 817 locum
705 752 851 834 quadrat,
887 752 1016 819 minime
1050 753 1219 837 locativus
1260 758 1314 838 qui

138 858 276 924 maxime
295 858 424 942 jejunus
447 862 536 924 esset

227 964 433 1049 Quinetiam
457 962 666 1031 declinationi
690 972 826 1048 quartae
849 967 1021 1034 Schroeter
1044 969 1218 1038 locativum
1243 970 1314 1036 viu-

138 1073 280 1140 dicatio
308 1091 405 1140 versu
429 1072 526 1155 Verg.
559 1075 640 1139 Aen.
664 1072 755 1158 VIII,
787 1076 867 1141 451:
900 1073 1072 1159 „tinguant
1105 1096 1182 1142 aera
1213 1077 1314 1159 lacu,“

137 1181 245 1265 ‚,lacu“
276 1200 318 1246 ex
348 1178 450 1246 forma
480 1179 610 1246 lacu—i
642 1185 747 1247 ortum
777 1200 922 1248 censens.
968 1183 1031 1249 Sed
1061 1182 1100 1249 de
1124 1184 1185 1249 lrao
1209 1184 1312 1251 forma

137 1288 222 1354 idem
245 1287 342 1367 valet,
366 1288 449 1370 quod
473 1305 571 1368 supra
591 1287 770 1354 monuimus
789 1290 848 1355 sub
866 1290 975 1374 verbo,
999 1291 1082 1372 quod
1102 1295 1153 1356 est
1171 1291 1311 1359 Oceano.

138 1395 273 1462 Omnino
289 1394 448 1462 locativus
464 1398 599 1476 quartae
616 1394 841 1462 declinationis
863 1415 926 1462 non
942 1394 1113 1478 reperitur.
1137 1396 1312 1480 (Biicheler

137 1503 277 1568 Grundr.
309 1522 338 1584 p.
372 1503 435 1582 62).
481 1500 544 1567 Sed
575 1501 706 1584 longum
737 1508 788 1568 est
820 1522 930 1570 omnes
954 1504 1040 1570 locos
1070 1524 1090 1570 a
1119 1504 1310 1571 Schroetero

136 1612 284 1677 laudatos
317 1627 513 1675 enumerare.
581 1609 634 1675 Ex
667 1609 726 1695 his,
759 1629 837 1692 quos
869 1615 1193 1696 commemoravimus
1228 1612 1310 1677 satis

136 1719 250 1798 elucet,
274 1736 336 1783 non
360 1717 451 1782 modo
475 1734 555 1798 opus
578 1736 641 1782 non
666 1735 738 1783 esse
761 1717 933 1784 locativum
950 1736 1009 1799 pro
1026 1718 1136 1785 dativo
1153 1723 1309 1804 statuere,

136 1827 192 1891 sed
216 1823 312 1891 etiam
339 1825 422 1890 hunc
445 1824 544 1889 multo
567 1842 639 1890 esse
663 1824 719 1889 illo
739 1822 927 1891 viridiorem
944 1830 1104 1907 poetaque
1120 1825 1309 1907 digniorem.

135 1933 180 2000 Ut
202 1951 306 1998 meam
329 1931 466 2013 denique
489 1931 683 1998 sententiam
707 1931 876 2014 proferam,
900 1932 996 2013 plane
1019 1933 1198 2014 comprobo,
1222 1934 1308 2014 quod

135 2040 255 2106 attinet
284 2041 325 2105 ad
357 2039 503 2105 dativum
531 2038 676 2119 latinum,
710 2037 872 2120 Rumpelii
905 2037 1098 2104 sententiam
1131 2038 1163 2104 in
1188 2040 1309 2122 pagina

135 2147 234 2214 tertia
261 2166 360 2229 supra
382 2148 557 2213 laudatam.
602 2145 665 2211 Est
682 2144 784 2228 igitur
803 2144 933 2212 dativus
953 2164 1055 2226 casus,
1077 2147 1166 2229 cujus
1190 2166 1305 2213 nomen

134 2274 235 2337 aequo
259 2256 401 2337 pondere
424 2253 605 2336 oppositum
629 2253 772 2335 subjecto
805 2251 917 2335 agenti
949 2271 991 2318 ex
1023 2253 1116 2336 hujus
1140 2253 1308 2321 voluntate

134 2362 261 2428 actione
291 2361 363 2445 ipsa
394 2367 619 2428 commovetur.
670 2360 884 2441 Opponuntnr
915 2363 1023 2425 autem
1056 2378 1170 2426 nomen
1202 2359 1306 2425 dativi

134 2474 167 2535 et
190 2469 368 2553 subjectum
390 2467 446 2549 ita,
470 2473 506 2532 ut
528 2466 666 2534 alterum
689 2466 825 2534 alterins
858 2466 999 2533 animum
1030 2485 1222 2548 permovens
1256 2486 1305 2533 co-

132 2575 265 2660 gitetur.
317 2575 410 2642 Unde
440 2575 487 2653 fit,
519 2577 555 2640 ut
587 2579 755 2657 utrumque
787 2593 911 2653 nomen,
952 2572 1081 2640 etiamsi
1111 2592 1175 2639 non
1215 2580 1306 2640 notet

133 2701 313 2766 personam,
337 2687 445 2749 tamen
477 2682 585 2766 aliqua
617 2701 658 2748 ex
691 2686 784 2763 parte
812 2681 975 2763 cogitetur
998 2698 1145 2762 persona.
1191 2679 1305 2762 Itaque

132 2789 262 2858 dativus
299 2809 319 2856 a
353 2789 458 2871 poetis
496 2786 737 2871 elegiographis
771 2785 984 2854 libentissime
1030 2786 1211 2869 adhibetur,
1250 2788 1302 2867 qui

131 2897 230 2965 animi
248 2895 466 2978 permotiones
480 2913 690 2977 personarum
706 2893 882 2977 depingere
900 2894 1014 2978 solent,
1037 2891 1153 2975 quique
1170 2898 1209 2960 ob
1232 2911 1301 2958 eam

131 3023 261 3072 causam
284 3003 395 3072 dativo
419 3001 515 3069 etiam
548 3002 581 3068 in
610 3001 656 3068 eis
680 3000 857 3068 enuntiatis
889 3005 1032 3082 utuntur,
1062 3000 1095 3066 in
1120 3001 1232 3082 quibus
1255 3018 1302 3065 se-

131 3113 267 3180 cundum
290 3129 423 3178 severas
452 3111 543 3195 leges
574 3109 710 3176 rationis
743 3129 781 3175 ac
813 3107 930 3174 mentis
961 3107 1135 3191 scriptores
1165 3104 1304 3190 prosaici

130 3219 315 3303 genetivum
332 3219 383 3286 vel
396 3217 574 3286 ablativum
586 3235 657 3283 cum
671 3215 911 3297 praepositione
923 3216 1125 3300 conjunctum
1138 3221 1303 3294 usurpant.
