2820 4920
457 356 465 369 ι,
592 291 812 352 -41-

115 497 164 556 12.
188 506 338 571 magnus:
362 487 417 552 IV.
447 492 494 551 43.
518 486 573 551 16:
619 484 682 550 Est
704 483 764 549 tibi
787 483 920 566 (Hillert
954 483 1042 564 mihi)
1066 503 1194 567 magna.

115 604 164 663 13.
188 594 292 680 mitis;
315 595 341 661 Ι.
363 601 393 660 4.
418 599 473 658 53:
519 591 600 656 Tum
623 589 683 656 tibi
704 589 792 655 mitis
816 591 887 657 erit.

114 710 164 769 14.
188 710 298 768 notus:
319 701 342 766 l.
366 708 395 766 8.
421 705 476 765 57:
523 700 608 765 Nota
632 699 743 764 Venus
766 698 888 767 furtiva
911 698 1029 765 mihist.

117 818 164 874 15.
188 808 315 876 obvius:
338 809 364 872 I.
389 814 418 873 3.
442 814 497 874 31:
521 809 612 872 Tune
635 806 713 872 mihi
737 807 863 872 obvia.
887 856 895 870 .
919 825 1021 871 curre.

341 916 485 996 (verbum
509 915 659 980 currendi
683 919 792 979 exstat
815 914 884 979 loeo
908 915 1062 994 oopulae.)

116 1034 164 1091 16.
188 1031 334 1090 sanetus:
358 1023 402 1088 ΙΙ.
426 1030 454 1087 6.
480 1027 537 1087 31:
561 1022 624 1087 illa
648 1020 724 1086 mihi
748 1026 901 1086 sanetast.

456 1218 491 1299 b.
519 1218 608 1298 Loci
635 1215 945 1301 Pselibulliuni:

117 1370 143 1428 l.
166 1370 278 1444 aptus:
301 1363 357 1427 IV.
382 1362 411 1427 8.
458 1367 491 1427 3:
538 1364 589 1426 An
614 1359 692 1427 villa
715 1361 759 1425 sit
782 1366 861 1441 apta
883 1360 1021 1440 puellae.

115 1479 144 1535 2.
168 1471 301 1535 arduus:
324 1469 381 1534 Ν.
408 1476 433 1532 l.
458 1475 514 1535 87:
561 1467 679 1534 Aditus
702 1468 746 1532 sit
770 1473 803 1532 et
826 1469 945 1533 arduus
970 1467 1064 1533 hosti.

116 1586 144 1644 3.
168 1577 289 1643 facilist
325 1576 379 1641 Ν.
407 1583 432 1640 l.
457 1582 513 1640 87:
559 1576 604 1640 Ut
626 1575 794 1656 facilisque
817 1575 883 1640 tuis
907 1575 1015 1640 aditus
1038 1573 1091 1639 sit.

114 1692 144 1750 4.
168 1690 298 1767 gratus:
322 1684 378 1748 Ν.
401 1690 430 1748 6.
457 1690 510 1748 19:
556 1682 608 1748 Sit
625 1682 737 1765 juveni
761 1689 900 1764 gratum.

116 1798 144 1857 5.
167 1791 306 1857 humilis:
339 1791 395 1856 IV.
423 1797 448 1856 l.
472 1795 509 1856 4:
556 1789 695 1854 Humilis
718 1789 820 1854 tantis
844 1789 903 1853 sim
927 1788 1074 1854 eonditor
1096 1789 1187 1854 actis,

115 1898 144 1964 6.
165 1899 338 1981 jucundus:
362 1898 423 1963 ΠΙ.
448 1904 476 1961 3.
501 1902 556 1962 23:
602 1895 652 1960 Sit
675 1895 751 1960 mihi
774 1900 950 1976 paupertas
969 1896 1120 1980 jucunda.

116 2011 144 2070 7.
168 2011 283 2069 notus:
307 2004 362 2068 Ν.
390 2010 415 2066 l.
441 2009 520 2068 nol:
566 2001 639 2066 Tibi
663 2003 692 2067 si
715 2021 828 2068 versus
852 2007 963 2066 noster
986 2001 1030 2067 sit
1053 2012 1156 2068 notus.

115 2119 145 2175 8.
164 2110 282 2192 potior:
301 2110 357 2175 Ν.
386 2112 410 2173 l.
437 2116 515 2176 199:
561 2110 632 2175 Nou
655 2109 733 2174 milri
756 2129 859 2192 regua

435 2216 541 2298 Lydia
565 2237 627 2283 non
648 2216 758 2299 magui
781 2217 887 2299 potior
911 2217 955 2282 sit
976 2216 1063 2282 lama
1083 2215 1225 2299 Gylippi.

138 2333 166 2390 9.
191 2324 311 2391 tristis:
335 2325 390 2391 IV.
414 2332 444 2391 4.
470 2331 525 2390 22:
571 2324 686 2390 Fuerit
708 2324 834 2390 tristior
856 2324 913 2390 illa
935 2324 1003 2390 tibi.
1109 2395 1112 2398 ,

118 2439 167 2497 10.
190 2432 333 2512 propior:
357 2432 414 2495 Ν.
442 2439 466 2495 l.
495 2437 572 2497 180:
619 2432 754 2512 Propior
778 2451 839 2497 non
865 2432 949 2497 alter
972 2432 1120 2496 Homero.

203 2538 317 2617 Itaque
350 2536 502 2617 pleraque
534 2537 695 2618 adjectiva
728 2537 793 2602 alia
829 2539 915 2619 apud
947 2537 1116 2616 Tibullum,
1157 2535 1222 2602 alia
1254 2536 1287 2601 in

115 2644 325 2711 Pseudo-Tib.
349 2651 432 2708 sunt.
478 2643 516 2707 ln
540 2642 590 2707 his
615 2642 771 2725 exemplis
795 2644 924 2711 dativus
948 2663 1011 2709 nou
1035 2642 1287 2725 eumadjeetivo

115 2753 182 2818 solo
207 2751 447 2833 conjungendus
464 2756 530 2830 est,
554 2751 611 2816 sed
635 2769 705 2816 oum
729 2752 790 2817 hoo
808 2758 843 2818 et
865 2750 987 2834 copula,
1010 2768 1093 2831 quae
1109 2750 1170 2815 duo
1187 2750 1288 2814 verba

115 2878 210 2924 unam
244 2858 336 2941 quasi
368 2856 528 2922 notionem
559 2861 718 2938 praebent
747 2859 839 2925 verbi
869 2856 1069 2924 intransitivi
1092 2859 1132 2921 ob
1155 2874 1288 2937 eamque

115 2984 246 3031 oausam
269 2984 369 3046 aeque
393 2970 489 3045 atque
512 2965 592 3029 haec
616 2965 725 3030 dativo
749 2964 868 3047 apponi
891 2969 1034 3046 possunt.

452 3089 481 3152 b.
504 3087 676 3172 Adjeotivu
700 3091 768 3156 loeo
792 3088 950 3155 attributi.

120 3201 145 3259 l.
169 3193 333 3259 oonsoius:
356 3194 382 3259 Ι.
406 3200 436 3258 8.
461 3199 497 3260 3:
543 3194 679 3262 Conscia
700 3197 783 3262 fibra
806 3197 946 3263 deorum.

117 3308 145 3366 2.
170 3300 298 3367 fatalis:
321 3300 364 3366 ll.
390 3307 417 3365 6.
443 3306 500 3366 57:
547 3302 669 3368 Nomen
693 3303 791 3369 terris
813 3301 915 3368 totale
938 3300 1100 3383 regendis.

117 3413 145 3472 3.
169 3425 277 3471 sacer:
315 3406 359 3471 Il.
384 3412 412 3470 5.
437 3412 495 3472 30:
542 3407 669 3472 Fistula
692 3427 786 3474 saura
808 3409 878 3474 deo.

115 3519 145 3577 4.
168 3517 313 3578 sanetus:
337 3513 362 3577 Ι.
389 3518 415 3575 7.
442 3518 496 3578 18:
542 3511 663 3578 Sancta
687 3514 833 3580 columba
856 3514 947 3596 Syro.

484 3618 563 3685 Loci
587 3619 920 3688 Pseudo-Tibulliani:

119 3733 145 3791 1.
169 3726 339 3793 adversus:
362 3726 419 3792 IV.
447 3734 472 3793 l.
496 3732 556 3795 842
601 3728 768 3796 Adversus
791 3727 878 3795 hosti
901 3747 1023 3796 cervos.

338 3833 397 3899 IV.
424 3835 450 3900 1.
477 3834 557 3900 116:
604 3835 689 3902 Huic
713 3837 853 3905 adversa
876 3835 944 3903 solo
968 3853 1046 3917 pars
1069 3835 1182 3900 altera.

117 3945 145 4004 2.
169 3957 281 4006 carus:
304 3938 366 4004 ΙΙΙ.
389 3944 420 4006 4.
445 3944 506 4006 51:
551 3941 691 4007 'Pontum
716 3943 883 4009 ceratiti.

118 4052 145 4110 3.
169 4045 369 4114 contrarius:
393 4046 455 4112 ΙΙΙ.
478 4051 508 4113 4.
534 4052 593 4114 83:
640 4048 733 4114 Votis
757 4050 921 4117 contraria
946 4048 1041 4116 votis.

115 4157 145 4217 4.
168 4151 333 4220 inimicus:
356 4154 417 4220 ΙΙΙ.
441 4160 470 4220 6.
496 4159 556 4221 55:
601 4154 702 4221 Nobis
726 4154 864 4222 inimica.

117 4264 145 4323 5.
164 4259 342 4341 jucundus:
365 4260 421 4327 IV.
447 4266 474 4327 l.
499 4267 537 4328 9:
583 4261 711 4327 Baccho
731 4261 903 4346 Jucuudior
927 4263 1054 4342 hospes.

117 4372 145 4431 6.
170 4364 320 4434 nimium:
343 4366 399 4433 Ν.
427 4374 453 4432 1.
480 4373 560 4434 187:
606 4367 745 4434 Nimium
769 4367 842 4434 furi.

118 4473 917 4557 lmfflmfflfflffiwmm
