2820 4920
592 303 812 362 ..29-

631 499 660 557 6.
685 493 775 558 dono.

207 603 302 685 Apud
333 600 492 667 Tibullum
524 601 658 668 verbum
689 618 753 665 non
785 597 922 680 repperi,
954 597 988 663 in
1011 596 1148 663 Ps-Tib.
1181 602 1290 662 antem

118 716 229 775 exstat
250 709 283 775 in
309 710 413 775 tribus
436 707 531 779 locis:

117 817 178 882 ΠΙ.
203 824 230 882 l.
278 821 306 882 5.
352 815 498 898 Quonam
521 815 658 880 donetur
681 814 810 880 honore.
859 849 861 853 >

116 922 178 989 lII.
203 928 230 989 1.
258 929 306 988 17.
352 922 540 1003 Cultumqne
563 919 611 986 illi
634 921 752 987 donate
774 919 925 987 libellum.

116 1030 179 1095 ΠΙ.
206 1035 233 1094 1.
257 1036 308 1094 21.
356 1027 526 1116 „Meritum
548 1028 643 1110 larga
666 1029 784 1094 donate
809 1029 942 1109 salute,“
969 1036 1003 1095 et
1026 1026 1231 1109 construitur,
1255 1031 1291 1091 ut

118 1136 210 1216 solet,
234 1135 413 1217 dupliciter,
437 1141 495 1201 aut
517 1137 637 1201 donare
669 1134 765 1200 alicui
789 1134 909 1216 aliquid
932 1142 989 1202 arnt
1020 1135 1159 1217 aliquem
1182 1132 1291 1216 aliqua

118 1263 162 1327 rc,
194 1244 251 1309 sed
284 1243 403 1308 donare
436 1242 532 1308 alicui
564 1241 684 1324 aliquid
709 1242 856 1322 habere,“
886 1244 970 1324 quod
1001 1244 1087 1325 apud
1111 1239 1290 1323 Vergilium

118 1367 343 1431 nonnunquam
367 1347 515 1432 occurrit,
547 1348 581 1414 in
613 1349 733 1414 nostris
765 1348 857 1414 libris
889 1369 951 1415 non
980 1348 1151 1431 reperitur.
1197 1349 1290 1430 (Aen.

119 1455 157 1520 V.
182 1461 349 1521 nso-62:
381 1455 548 1539 „Loricam
581 1458 680 1522 donat
713 1456 956 1538 1010101100,οι
980 1454 1289 1537 cnnornigeriau-

119 1561 317 1628 notationem
340 1563 381 1628 ad
406 1565 489 1631 hunc
512 1563 637 1643 locum.)

632 1675 659 1736 7.
682 1669 778 1753 fingo.

136 1778 160 1842 Ι.
186 1782 214 1843 5.
240 1783 289 1842 19.
335 1779 381 1843 At
404 1776 481 1843 milri
503 1776 629 1844 felicem
653 1777 753 1845 vitam
777 1779 947 1860 fingebam.

135 1886 160 1949 I.
185 1891 214 1950 8.
238 1891 289 1950 65.
336 1886 420 1951 Dum
444 1884 520 1949 mihi
544 1890 713 1951 venturam
737 1886 833 1968 fingo.

118 1991 161 2055 Π.
185 1999 214 2056 6.
239 1993 288 2056 51.
335 1992 424 2058 Tunc
447 2010 536 2057 mens
555 1991 632 2056 milri
653 1991 781 2073 perdito
795 1993 897 2078 fingit,
917 1993 1029 2075 quisve
1049 2014 1151 2060 meam
1170 1998 1289 2059 teneat.

208 2097 421 2181 Oonjungitur
452 2098 555 2180 igitur
586 2101 718 2166 verbum
752 2101 894 2183 fingendi
926 2101 1042 2182 ubique
1078 2121 1149 2167 cum
1180 2099 1290 2166 dativo

118 2223 284 2286 personae,
306 2225 365 2287 pro
388 2206 574 2274 accusativo
598 2212 706 2274 autem
730 2208 847 2291 objecti
870 2207 904 2274 in
928 2228 1025 2276 versu
1049 2208 1092 2274 ll.
1117 2217 1147 2273 6.
1171 2209 1209 2273 51
1237 2226 1290 2273 ex·

118 2317 185 2377 stat
207 2311 424 2395 interrogatio
448 2312 615 2380 indirecta.
674 2377 676 2381 ⁴

206 2420 279 2484 Huc
301 2420 427 2485 accedit
449 2438 531 2486 nnus
553 2422 642 2487 locus
665 2423 802 2489 Paulo.
829 2422 861 2489 in
885 2422 947 2489 ill.
976 2428 1006 2490 4.
1031 2427 1089 2489 68:
1120 2422 1209 2504 „Non
1240 2425 1292 2486 est

117 2525 150 2590 in
176 2544 291 2591 vanum
314 2526 425 2592 tabula
447 2527 523 2593 licta
543 2529 677 2610 100110,ιι
702 2530 756 2595 ubi
773 2535 884 2596 exstat
903 2529 1103 2618 praepositio
1126 2528 1196 2613 „in“
1220 2547 1290 2594 oum

118 2631 302 2700 accusativo
325 2634 503 2717 conjuncto,
525 2634 650 2702 scilicet
665 2642 701 2702 ut
716 2637 789 2703 finis
813 2635 882 2705 sive
899 2637 1065 2703 consilium
1081 2636 1290 2720 significetur.

118 2738 176 2822 (ol.
206 2740 289 2807 Aen.
321 2741 394 2807 VII.
428 2746 507 2808 757:
538 2744 668 2828 ,Neque
699 2764 771 2810 eum
797 2747 910 2829 juvere
932 2743 964 2810 in
989 2744 1125 2811 vulnera
1149 2745 1290 2822 cantus“

117 2845 246 2929 saepius
269 2853 377 2915 autem
401 2848 530 2916 dativus
555 2851 712 2918 occurrit:
736 2852 848 2935 Georg
871 2853 897 2920 Ι.
924 2858 1000 2919 113;
1023 2849 1196 2936 „Caeditur
1219 2849 1290 2916 tilio

83 3047 86 3052 ,
115 2955 228 3037 11001)

639 3069 669 3129 8.
692 3063 769 3131 fero.

135 3170 160 3232 l.
186 3171 215 3233 5.
240 3173 290 3234 27.
336 3169 398 3234 llla
422 3172 481 3236 deo
506 3170 588 3236 sciet
609 3170 774 3254 agricolae
796 3221 804 3237 .
828 3221 835 3238 .
860 3193 956 3242 uvam
980 3173 1076 3239 ferre.

116 3276 160 3340 ll.
184 3283 213 3356 6,
239 3278 288 3342 31.
334 3279 428 3344 Dona
451 3280 599 3360 sepulcro
622 3279 734 3346 leram.

207 3383 279 3448 Huc
303 3384 428 3448 accedit
452 3403 533 3450 nnus
556 3386 645 3452 locus
668 3386 874 3455 Pseud-Tib:

117 3489 172 3554 IV.
202 3496 226 3555 1.
251 3488 280 3554 9.
326 3489 456 3556 Phoebo
479 3490 668 3572 gratissima
692 3495 776 3561 dona
799 3494 877 3561 Ores
902 3495 986 3560 tulit.

204 3595 345 3664 Dativus
376 3594 479 3680 igitur
509 3597 671 3681 significat
703 3621 872 3682 personam
909 3603 946 3683 (I.
980 3610 1009 3670 5.
1045 3610 1108 3687 273
1153 3603 1288 3670 Ps-Tib.

117 3703 173 3768 IV.
199 3710 226 3768 1.
250 3706 282 3785 9)
306 3710 341 3770 01
363 3722 430 3770 rem
454 3704 512 3791 (ΙΙ.
536 3714 564 3773 6.
590 3709 654 3790 31.)

625 3841 654 3900 9.
678 3833 785 3901 fundo.
1035 3914 1043 3923 ,

116 3936 141 3998 l.
168 3941 216 4001 10.
241 3940 292 4001 48.
339 3937 506 4003 Funderet
529 3944 565 4004 nt
588 3945 665 4006 nato
690 3946 777 4007 testa
799 3947 938 4025 paterna
960 3962 1091 4008 merum.

116 4041 251 4108 Ps-Tib.
275 4044 335 4110 lll.
360 4052 388 4110 6.
414 4052 442 4125 6,
488 4045 534 4111 nt
557 4045 648 4112 nobis
671 4067 773 4129 prona
795 4046 893 4115 funde
916 4049 1058 4116 Falerna
1081 4069 1186 4116 manu.

635 4179 684 4238 10.
703 4174 785 4257 Jnro.

115 4274 140 4337 l.
166 4280 194 4338 9.
219 4279 270 4339 31.
316 4277 407 4344 Tunc
430 4278 508 4345 mihi
526 4280 661 4362 jurabas
685 4332 692 4346 .
716 4330 723 4345 .
747 4330 754 4344 .
779 4285 812 4345 10
835 4282 976 4348 vendere
1000 4283 1084 4351 velle
1108 4285 1212 4350 fidem.

115 4379 180 4461 (Sic
204 4383 274 4465 ,10ι
297 4386 432 4465 praebet
455 4387 555 4453 codex
578 4386 617 4467 G,
641 4387 747 4471 ,nullo
770 4386 849 4454 tibi“
873 4389 999 4457 codices
1022 4392 1052 4457 A
1075 4398 1109 4457 01
1133 4391 1171 4474 V,
1205 4391 1288 4472 quod

115 4506 179 4552 non
204 4489 312 4573 placet
336 4491 453 4559 omisso
477 4493 663 4575 pronomine
695 4496 776 4577 „te‚“
807 4497 891 4581 quod
919 4496 1133 4578 desideratur,
1158 4497 1230 4578 etsi,
1252 4507 1289 4564 ut
