2820 4920
593 256 814 319 ..25-

116 473 224 522 mann.
269 453 318 520 De
340 453 510 520 verborum
535 469 605 516 cum
621 446 914 532 praepositionibus
934 446 1182 530 compositorum
1204 447 1290 530 apud

118 560 288 641 Catullum,
316 557 486 639 Tibullum,
509 556 715 639 Propertium
747 559 912 622 structura
943 573 1018 638 pag.
1052 556 1116 637 23).
1161 556 1200 620 In
1223 555 1290 621 Ps-

117 668 188 734 Tib.
215 687 276 734 non
310 671 482 733 occurrunt
514 664 595 730 talia
628 661 807 745 composita
830 667 961 744 praeter
985 663 1119 728 verbum
1142 661 1295 741 ‚adsum“

117 774 188 860 (IV.
213 779 241 840 6.
265 781 292 840 6.
318 772 352 840 Si
375 772 436 839 tibi
468 770 555 855 ignis
582 771 688 851 adest)
720 789 792 836 cum
821 768 931 841 dativo
955 768 1007 835 vel
1031 768 1178 834 absolute
1202 786 1291 835 usur-

117 884 228 963 patum
251 881 326 963 (ΙΙΙ.
350 887 379 946 6.
406 886 441 960 1.,
464 879 522 945 IV.
545 883 575 945 4.
602 876 643 962 1.)

585 1063 589 1068 .
633 1009 661 1069 2.
685 1001 780 1069 Con.

614 1116 641 1192 l.
665 1108 805 1176 concido.

139 1221 166 1286 Ι.
190 1227 219 1286 2.
243 1226 295 1289 62.
341 1216 489 1286 Concidit
512 1218 555 1283 ad
578 1216 722 1300 magicos
745 1216 852 1283 hostia
876 1216 965 1298 pulla
988 1217 1074 1312 deos.

578 1331 608 1390 2.
627 1325 845 1391 concumbere.

139 1434 166 1499 Ι.
212 1442 242 1498 6.
266 1436 316 1497 36.
362 1431 468 1498 Puero
491 1432 701 1498 concumbere
723 1429 844 1498 furtim.

118 1539 176 1606 IV.
194 1546 243 1606 13.
272 1546 320 1605 16.
365 1540 452 1605 Ante
475 1538 564 1620 ipsas
587 1537 795 1605 concubuisse
818 1538 942 1620 plagas.
989 1550 992 1557 ’

600 1651 628 1712 3.
653 1644 821 1727 contingit.

117 1753 144 1819 Ι.
171 1759 198 1818 l.
221 1757 273 1819 49.
318 1752 391 1819 Hoc
414 1751 492 1818 mihi
515 1751 691 1834 contingat.

117 1861 143 1925 Ι.
168 1865 196 1926 3.
221 1864 273 1926 33.
318 1859 365 1925 At
388 1859 466 1925 mihi
490 1859 668 1942 contingat.

117 1968 142 2031 Ι.
165 1971 196 2033 4.
244 1973 271 2033 1.
316 1965 370 2033 Sic
392 1968 543 2033 umbrosa
566 1965 626 2032 tibi
650 1964 841 2048 contingant
864 1970 960 2033 tecta.

207 2073 246 2138 In
269 2073 409 2139 Penio
432 2073 513 2140 talia
535 2075 636 2142 verba
659 2092 731 2140 cum
759 2072 870 2153 dativo
894 2075 1064 2157 conjuncta
1087 2094 1151 2142 non
1175 2073 1293 2143 inveni.

118 2180 260 2246 Verbum
281 2179 388 2263 ‚igitur
417 2179 607 2247 concidendi
638 2179 837 2247 construitur
859 2200 931 2247 cum
953 2181 1193 2265 praepositione
1211 2183 1294 2267 „ad‘

117 2286 247 2353 notione
276 2286 371 2355 locali
402 2307 566 2370 expressa¹
597 2286 743 2370 quamvis
774 2286 905 2354 dativus
943 2306 1102 2370 personae
1142 2287 1294 2355 usitatior

115 2394 160 2460 sit
181 2394 233 2478 (cf.
256 2413 362 2479 „agna
385 2395 481 2461 cadet
501 2394 638 2481 vobisf‘)
683 2394 853 2462 Dissenius
876 2394 989 2462 laudat
1012 2396 1054 2462 ad
1083 2397 1167 2462 hunc
1190 2396 1294 2463 locum

117 2500 211 2569 Ovid.
234 2501 368 2567 Heroid.
392 2502 417 2567 Ι.
442 2508 493 2568 26.
516 2501 665 2587 „ponitur
680 2503 722 2568 ad
740 2501 865 2584 patrios
884 2503 1024 2569 barbara
1046 2504 1168 2584 praeda
1191 2505 1295 2570 deos“

118 2645 162 2655 —
192 2606 360 2691 Contingit
401 2611 599 2691 usurpatum·
634 2614 693 2689 est,
726 2614 763 2675 ut
796 2609 927 2690 assolet,
967 2615 1001 2676 et
1034 2609 1295 2693 impersonaliter

118 2715 156 2796 ΙΙ.
180 2720 209 2782 3.
233 2713 290 2800 33)
314 2718 348 2781 et
370 2716 514 2798 subJaoto
537 2716 648 2783 addito
672 2717 711 2800 (Ι.
737 2723 764 2783 l.
788 2723 840 2797 49,
863 2717 889 2782 Ι.
913 2717 1005 2798 4.1).
1051 2717 1141 2783 Idem
1157 2717 1194 2783 fit
1209 2719 1295 2799 apud

119 2820 307 2906 Vergilium,
339 2821 378 2888 ot.
410 2821 541 2889 Dittelii
563 2823 584 2890 l.
608 2823 628 2890 l.
652 2844 682 2905 p.
709 2830 748 2890 16
805 2824 947 2890 Verbum
979 2823 1116 2907 danique
1149 2843 1295 2891 concum-

116 2929 213 2995 bendi
237 2929 337 2996 semel
360 2931 563 3014 conjunctum
596 2938 648 2997 est
679 2950 750 2997 cum
781 2930 892 2999 dativo
923 2949 1080 3015 personae
1110 2933 1150 3018 (Ι.
1174 2938 1203 2999 8.
1228 2932 1295 3016 36),

117 3056 156 3103 ac
179 3036 279 3102 semel
301 3055 372 3103 cum
396 3035 646 3120 praepositione,
670 3057 751 3121 quae
776 3043 828 3105 est
851 3044 945 3105 ante:
968 3038 1026 3105 IV.
1053 3045 1101 3105 13.
1128 3046 1177 3105 16.

661 3169 690 3229 3.
714 3164 763 3230 de.

207 3267 258 3334 De
279 3268 389 3336 verbis
412 3269 613 3352 Tibullianis,
638 3289 720 3353 quae
744 3276 821 3337 sunt
842 3271 1048 3355 „decrescere
1067 3275 1101 3336 et
1116 3270 1297 3351 despuere“

114 3374 182 3456 jam
206 3378 382 3442 tractatum
405 3377 505 3444 estin
522 3397 597 3461 pag.
616 3384 666 3445 12.
712 3377 830 3444 Cetera
845 3381 953 3443 autem
969 3377 1070 3444 verba
1086 3375 1297 3445 intransitiva

119 3499 190 3546 cum
214 3482 455 3564 praepositione
477 3486 554 3570 „de‘,
578 3485 756 3566 composita
784 3488 818 3550 et
841 3484 874 3550 in
898 3482 1090 3549 Tibullianis
1114 3489 1147 3551 et
1170 3483 1203 3549 in
1226 3483 1295 3549 Ps-

119 3587 188 3655 rib.
201 3590 439 3674 conjunguntur
456 3592 508 3660 vel
520 3611 591 3677 cum
603 3591 747 3660 ablativo
766 3592 833 3658 solo
845 3591 899 3659 vel
912 3609 983 3656 cum
1000 3589 1294 3672 praepositionibus

120 3713 171 3778 „a
195 3697 245 3778 de,
268 3701 336 3765 eu.“

651 3811 681 3895 4.
715 3805 767 3871 in.

620 3919 647 3978 l.
669 3911 801 4002 insideo.

119 4016 146 4083 Ι.
169 4016 199 4083 2.
224 4022 275 4082 70.
320 4017 467 4085 Insideat
490 4017 588 4084 caleri
612 4017 857 4100 conspiciendus
881 4035 971 4098 equo.

136 4188 143 4197 .
636 4133 665 4195 2.
689 4125 785 4192 insto.

120 4228 148 4296 Ι.
172 4236 200 4296 6.
225 4237 276 4298 32.
321 4233 473 4299 Instabat
496 4237 565 4299 toto
589 4231 640 4299 cui
665 4237 721 4300 tua
744 4236 838 4299 nocte
862 4229 961 4298 canis

614 4345 642 4420 3,
666 4338 807 4421 ignosco.

121 4443 147 4509 Ι.
172 4451 200 4509 6.
227 4451 278 4510 29.
324 4445 461 4527 Ignosce
485 4445 612 4514 fatenti.
