2820 4920
599 279 819 340 ..27-

398 466 482 580 IV.
538 464 702 580 Verba
737 465 1012 580 transitiva

212 724 326 791 Verbis
358 721 541 790 transitivis
574 720 718 788 dativum
751 739 922 803 apponere,
953 722 990 784 ut
1018 721 1085 801 jam
1109 738 1207 800 supra
1231 737 1293 784 mo

121 830 256 908 unimus,
279 829 365 914 licet,
389 829 417 895 si
440 828 529 894 notio
554 827 694 895 verbalis
718 827 828 893 addito
852 825 1036 893 accusativo
1061 825 1212 907 suppleta
1234 831 1293 893 est.

122 939 192 1003 Hoc
208 937 296 1004 cadit
312 937 345 1002 in
362 935 469 1003 omnia
488 935 588 1003 verba
607 954 691 1000 nunc
708 935 932 1000 enumeranda.
979 932 1080 1016 Quam
1098 937 1293 998 structuram

121 1045 207 1125 apud
239 1061 348 1110 ornnes
379 1043 447 1108 lere
479 1041 617 1107 omnium
653 1047 831 1123 temporum
855 1039 1031 1122 scriptores
1055 1039 1188 1105 eandem
1212 1057 1294 1122 esse,

120 1151 271 1234 Draeger
299 1150 401 1216 refert
434 1148 467 1214 in
499 1149 519 1214 l.
548 1146 759 1234 1140215
786 1148 872 1231 182.)
919 1147 1033 1229 Itaque
1057 1164 1137 1228 opus
1160 1165 1223 1213 uon
1247 1145 1293 1213 vi·

121 1259 216 1323 detur
251 1255 430 1339 Vergilium
464 1260 498 1321 et
532 1254 694 1320 Tibullum
728 1255 770 1320 ad
803 1255 904 1321 verba
941 1253 1056 1336 ubique
1098 1272 1293 1334 comparare.

122 1350 231 1430 Pauca
254 1369 361 1429 tamen
384 1364 543 1429 mouenda
566 1367 668 1429 erunt.

636 1583 663 1640 1.
687 1595 784 1642 como.

211 1683 282 1748 Hoc
305 1685 437 1750 verbum
461 1684 547 1783 apud
569 1682 730 1748 Tibullum
754 1700 819 1747 non
842 1680 990 1761 occurrit,
1014 1682 1126 1748 sedin
1152 1681 1293 1749 Ps.·Tib.

120 1790 176 1856 IV.
202 1797 229 1855 6.
254 1796 291 1856 3;
316 1788 407 1875 „Tibi
431 1809 466 1856 se
488 1786 668 1856 laetissima
691 1787 854 1871 compsit.“
900 1789 1019 1855 Contra
1034 1788 1126 1856 verbi
1143 1787 1293 1856 credendi

121 1916 183 1963 non
207 1896 329 1979 legitur
352 1899 432 1964 haec
456 1902 621 1962 structura
644 1895 677 1961 in
701 1896 839 1961 Ps.·Tib.

627 2110 784 2176 acredo.

137 2217 163 2283 Ι.
189 2225 218 2282 2.
243 2222 294 2283 55.
341 2217 401 2282 Ille
425 2217 505 2282 nihil
528 2216 649 2299 poterit
672 2217 712 2283 de
735 2214 827 2283 nobis
851 2218 983 2282 credere
1007 2215 1164 2297 cuiquam.

80 2326 88 2336 '
118 2320 163 2410 [1.
186 2329 216 2390 4.
262 2330 291 2390 9.
337 2324 473 2409 Ofuge‚
497 2328 530 2391 te
553 2330 687 2391 tenerae
710 2342 882 2407 puerorum
905 2325 1037 2390 credere
1061 2326 1186 2390 turbae.

138 2430 163 2495 Ι.
188 2437 216 2496 6.
242 2432 292 2496 37.
338 2432 385 2496 At
408 2431 486 2497 mihi
510 2432 703 2498 servandam
726 2431 848 2497 credas.

136 2538 163 2603 Ι.
188 2543 215 2602 7.
241 2544 293 2603 20.
338 2537 460 2603 Ratem·
479 2536 586 2605 ventis
609 2539 752 2604 credere.

118 2645 162 2710 Il.
187 2651 215 2710 6.
240 2651 292 2711 21.
338 2643 419 2725 Spes
442 2643 541 2711 sulcis
564 2643 668 2711 credit
690 2644 793 2711 aratis
817 2645 948 2711 semina.

209 2752 349 2817 Verbum
385 2752 537 2818 credendi
567 2751 686 2833 partim
718 2753 879 2821 notionem
902 2753 1037 2834 praebet
1059 2754 1237 2838 „glauben‘
1259 2761 1293 2820 et

118 2857 330 2926 construitur:
364 2858 462 2925 alicui
493 2858 614 2942 aliquid
646 2860 686 2926 de
717 2859 825 2943 aliquo
862 2890 906 2917 =
943 2859 1047 2927 einem
1079 2864 1183 2930 etwas
1215 2862 1292 2928 liber

118 2966 213 3032 einen
236 2966 404 3050 glauben,“
434 2965 564 3048 saepius
597 2972 705 3032 autem
736 2969 822 3049 apud
844 2968 1005 3035 Tibullum
1029 2967 1191 3050 significat
1218 2989 1292 3053 „an-

117 3077 312 3141 vertranen“
345 3080 379 3141 et
406 3073 612 3157 conjungitur
642 3092 713 3139 cum
736 3074 846 3144 dativo
877 3077 946 3160 ejus
978 3094 1137 3156 personae
1159 3076 1212 3142 vel
1235 3075 1291 3156 rei,

117 3178 170 3245 cui
193 3178 310 3262 aliquis
333 3179 454 3263 aliquid
477 3181 589 3264 credit,
613 3185 647 3247 et
668 3181 853 3251 accusativo
885 3184 953 3267 ejus
977 3200 1135 3263 personae
1158 3182 1210 3248 vel
1235 3183 1291 3263 rei,

117 3305 200 3369 quae
223 3287 319 3353 alicui
343 3287 495 3354 creditur.

635 3511 662 3570 3.
687 3524 776 3571 carro.

117 3609 151 3688 a)
174 3608 260 3675 Tib:
284 3609 309 3675 Ι.
333 3616 363 3675 4.
388 3616 438 3677 73.
485 3611 575 3695 Quae
599 3631 747 3678 canerem
771 3611 866 3679 Titio.

116 3715 153 3795 b)
175 3715 328 3783 Ps.·Tib.:
351 3718 413 3784 111.
437 3727 466 3786 6.
490 3722 542 3786 41.
588 3719 641 3785 Sic
664 3718 781 3786 cecinit
805 3723 919 3802 prote
943 3769 948 3784 .
976 3771 982 3784 .
1006 3714 1161 3785 Catullus.

348 3824 405 3890 IV.
430 3830 459 3892 5.
506 3832 534 3892 3.
580 3828 704 3893 Parcae
728 3825 874 3893 cecinere
897 3827 1012 3909 puellis
1036 3824 1211 3892 servitium.

207 3929 266 4012 (uf.
290 3931 371 3997 Aen.
394 3932 438 3998 Il.
465 3939 542 4000 125:
574 3935 618 4000 Et
650 3933 726 3999 mibi
745 3935 813 4018 jam
846 3933 938 4000 multi
971 3933 1131 3999 canebant
1157 3931 1290 4000 artificis

116 4037 232 4120 scelus,
255 4039 337 4104 Aen.
359 4038 422 4106 Ill.
445 4046 526 4107 438:
550 4040 672 4108 Junoni
696 4059 775 4106 cane
799 4046 876 4109 vota
898 4041 1026 4127 libens.)

206 4145 346 4215 Dativus
368 4146 470 4231 igitur
493 4149 579 4231 apud
602 4147 764 4214 Tibullum
787 4166 957 4230 personam
980 4145 1149 4230 significat.

207 4253 246 4319 In
269 4254 407 4322 Ps-Tib.
431 4260 539 4322 antem
561 4254 616 4324 vel
639 4261 750 4322 exstat
772 4255 902 4324 dativus
925 4274 1085 4338 personae
1111 4257 1180 4338 (IV.
1205 4262 1233 4323 5.
1257 4260 1290 4338 3)

110 4361 170 4428 vel
200 4380 259 4443 pro
292 4381 333 4431 ec
362 4363 499 4430 elocutio
530 4363 811 4445 praepositionalis
843 4364 916 4447 (ΙΙΙ.
950 4371 979 4430 6.
1011 4365 1067 4445 41)
1100 4369 1134 4430 et
1156 4384 1215 4446 pro
1239 4382 1289 4430 ac·

115 4469 263 4537 cusativo
287 4471 404 4554 objecti
429 4470 527 4536 semel
552 4469 739 4537 adverbium
762 4471 796 4536 in
820 4472 930 4539 eodem
955 4491 1058 4540 versu.
