2820 4920
596 259 816 323 —397-

120 459 151 519 3.
174 449 321 518 remitto:
344 448 388 514 II.
410 454 440 513 4.
486 453 524 512 4:
549 439 670 513 Misero
694 447 800 514 vincla
824 448 964 514 remittit
987 450 1095 515 Amor.

119 565 150 626 4.
174 577 326 625 renovorz
343 556 386 622 Π.
412 563 440 621 6.
465 561 525 621 41:
549 556 596 619 Ne
629 555 776 620 dominae
809 554 914 621 luctus
948 564 1143 623 renoventur
1176 560 1292 624 acerbi.

120 674 149 731 .5
174 665 362 746 respondeo:
388 664 413 729 I.
437 668 525 731 4.,8;
550 662 630 726 Tum
655 662 774 727 Bacchi
799 663 967 743 respondit
990 662 1113 745 proles:

376 770 531 834 Armatus
555 788 653 834 curva
677 768 724 833 sio
746 768 824 834 mihi
847 768 931 835 falce
955 770 1042 836 deus.

612 877 640 941 b.
664 875 801 941 Ps-Tib.

122 994 149 1053 1.
173 987 290 1052 reddo:
314 986 375 1051 ΠΙ.
402 991 429 1057 6,
445 991 515 1049 '312
542 984 723 1049 Reddamus
747 989 894 1063 tempora
918 1003 1056 1071 mensae.

122 1102 150 1159 5³.
174 1093 292 1160 refero:
316 1093 375 1159 ΙΙΙ.
402 1098 428 1157 l.
455 1098 512 1156 lb:
538 1091 599 1156 Illa
625 1091 700 1155 mihi
717 1091 847 1170 referet,
872 1091 899 1155 si
921 1091 1023 1159 nostri
1044 1097 1154 1158 mutua
1174 1098 1291 1158 ourast.

316 1200 377 1264 ΙΙΙ.
401 1205 431 1267 4.
458 1205 511 1263 78:
537 1199 628 1263 Haec
652 1197 700 1262 illi
723 1197 810 1262 dicta
833 1195 927 1263 refer.

317 1307 379 1371 ΠΙ.
403 1311 432 1371 5.
456 1313 512 1372 26:
536 1306 582 1371 Et
604 1304 743 1370 referam
768 1302 878 1384 pneris
902 1311 1048 1386 tempora
1073 1305 1187 1386 prisea.

120 1414 151 1478 8.
173 1414 298 1495 relego:
321 1413 379 1478 lv:
402 1420 430 1479 6.
478 1418 510 1478 5:
534 1412 656 1477 Causas
680 1412 748 1492 tibi,
773 1411 857 1491 diva,
881 1412 1016 1494 relegat.

210 1522 305 1602 Apud
329 1521 489 1586 Tibullum
514 1519 628 1600 ubique
662 1519 792 1584 dativus
817 1537 972 1600 personae
996 1526 1113 1601 exstat,
1145 1521 1291 1604 idemque

121 1629 210 1693 cadit
232 1629 265 1693 iu
288 1627 498 1692 Pseudo-Tib.
522 1646 585 1694 uno
608 1626 678 1691 loco
702 1630 854 1706 excepto:
878 1626 940 1691 ΙΙΙ.
965 1635 993 1692 b'.
1019 1633 1068 1707 31,
1092 1628 1147 1693 ubi
1163 1629 1292 1696 dativus

121 1735 249 1799 estrei.
297 1734 571 1815 Praepositionem
605 1739 713 1798 autern
745 1750 808 1797 non
832 1732 950 1798 inveni.
997 1734 1161 1817 Vergilius
1184 1743 1291 1802 autem

120 1848 153 1906 et
176 1840 286 1908 dativo
320 1842 423 1906 utitur
455 1844 548 1920 (Aen.
581 1840 638 1903 XI.
673 1845 749 1903 594:
783 1839 924 1922 „Corpus
957 1845 990 1904 et
1022 1862 1112 1907 arma
1136 1863 1291 1924 reponere

122 1950 267 2030 patriae,
286 1948 407 2027 Georg.
439 1947 463 2009 Ι.
497 1952 579 2010 339:
612 1945 727 2028 „Sacra
759 1946 846 2011 refer
880 1946 1017 2028 uerear
1042 1951 1122 2014 Aen.
1147 1949 1184 2014 V.
1208 1957 1291 2032 419:

121 2053 212 2135 „Tibi
236 2060 331 2134 terga
360 2052 519 2132 remitto‘)
553 2057 586 2117 et
608 2051 752 2119 ablativo
785 2054 880 2138 (Aen.
905 2053 946 2119 X.
970 2060 1050 2119 473:
1084 2055 1219 2138 „Oculos
1243 2078 1290 2123 re-

116 2162 189 2245 jicit
211 2159 494 2228 arvis=avertitl
519 2164 552 2224 et
575 2159 874 2240 praepositionibus
898 2180 979 2242 quae
1004 2169 1079 2226 sunt
1101 2162 1170 2246 „in“
1195 2165 1290 2248 (Aen.

121 2271 145 2334 Ι.
170 2275 250 2351 253;
274 2269 358 2352 „Nos
383 2267 414 2331 in
436 2274 564 2348 sceptra
580 2267 740 2348 reponis)
764 2269 841 2349 „ad‘
867 2269 959 2352 (Aen.
984 2269 1026 2333 Il.
1051 2275 1131 2334 525:
1156 2271 1291 2353 Recepit

121 2378 161 2442 ad
185 2375 289 2459 sese“)
314 2396 360 2456 ,a,
384 2375 442 2440 de“
466 2377 559 2456 (Aen.
583 2375 638 2440 IV.
663 2381 742 2439 656:
782 2375 926 2457 „Poenas
950 2378 1006 2457 „a“
1031 2376 1133 2441 fratre
1157 2379 1291 2459 recepi‚“

121 2486 201 2548 Aen.
227 2483 262 2549 V.
288 2489 368 2547 360:
391 2483 460 2565 „De
484 2487 574 2562 poste
598 2482 772 2563 refixam.“)

209 2591 246 2655 In
271 2609 368 2655 versu
391 2594 499 2654 autem
522 2590 565 2655 ΙΙ.
590 2597 618 2654 6.
642 2595 682 2653 41
709 2591 870 2670 (renovor)
891 2589 1032 2669 sormam,
1057 2610 1138 2673 quae
1162 2597 1214 2656 est
1238 2594 1290 2657 do-

121 2697 233 2776 minae,
267 2696 446 2777 putaverim
471 2715 541 2761 esse
572 2695 725 2777 dativum,
757 2715 826 2760 curn
859 2696 1004 2762 Tibullus
1036 2698 1162 2763 omnino
1194 2699 1290 2765 tertio

120 2803 207 2869 casui
232 2804 264 2869 in
295 2804 414 2869 talibus
456 2802 634 2868 enuntiatis
673 2823 866 2886 magnopere
900 2802 1011 2871 faveat
1045 2805 1096 2886 (cl.
1115 2825 1188 2888 pag.
1228 2812 1288 2877 lm.

119 2911 238 2976 Similis
271 2912 399 2978 videtur
432 2930 508 2976 usus
542 2911 632 2975 verbi
664 2910 803 2990 ponendi
835 2911 867 2976 in
892 2931 989 2979 versu
1019 2914 1044 2978 I.
1069 2920 1098 2977 2.
1123 2919 1158 2978 5:
1190 2915 1290 2996 „Nam

120 3019 258 3098 positast
280 3025 411 3091 nostrae
436 3017 583 3083 custodia
606 3036 705 3082 saeva
729 3018 883 3098 puellae.“
930 3019 977 3085 ef.
1001 3020 1091 3085 Caes
1116 3021 1189 3086 bell.
1213 3020 1290 3102 gall.

119 3125 144 3190 Ι.
169 3132 220 3191 20.
250 3133 286 3208 ὅς
318 3125 526 3207 „Dumnorigi
558 3126 707 3190 custodes
739 3124 855 3205 ponit.“
901 3126 1046 3209 Denique
1078 3129 1209 3193 verbnm
1240 3146 1289 3194 re-

119 3232 283 3312 linquendi
306 3234 347 3296 ad
371 3231 613 3312 exprimendum
646 3232 747 3297 locum
779 3232 811 3296 in
844 3252 873 3300 v.
906 3234 951 3299 H.
975 3240 1003 3300 5.
1029 3239 1071 3299 54
1104 3254 1173 3299 oum
1197 3253 1289 3315 prae-

118 3338 277 3418 positione
301 3340 378 3420 „ad‘
403 3340 602 3421 conjunctum
629 3345 695 3404 est:
719 3341 788 3424 „Ad
813 3339 900 3421 ripas
920 3334 1010 3406 arma
1034 3341 1175 3425 relicta,“
1199 3347 1232 3406 et
1256 3341 1288 3406 in
1384 3411 1387 3416 ,

118 3463 214 3512 versu
238 3446 264 3510 Ι.
288 3451 317 3509 4.
342 3451 361 3508 8
386 3447 589 3528 (respondeo)
627 3452 736 3511 exstat
768 3466 826 3527 pro
864 3448 1049 3515 accusativo
1088 3449 1203 3532 obJecti
1234 3451 1288 3514 ad-

117 3552 260 3618 verbium
285 3552 377 3633 „sic.“

205 3660 259 3726 Ex
283 3661 332 3741 iia,
357 3680 438 3742 quae
463 3659 638 3739 attulimus,
665 3659 829 3739 exemplis,
861 3669 999 3742 apparet
1022 3669 1055 3727 et
1071 3662 1231 3727 Tibullum
1255 3669 1289 3729 et

117 3772 267 3832 auctores
302 3767 477 3832 carminum
513 3767 650 3832 Penio.
691 3765 801 3833 dativo
835 3769 889 3834 vel
928 3768 1066 3835 maxime
1105 3767 1216 3834 favere
1255 3776 1288 3834 et

116 3874 279 3939 rarissime
304 3873 514 3938 elocutionem
539 3873 842 3954 praepositionalem
866 3876 1045 3958 admittere,
1076 3875 1221 3957 idemque
1254 3877 1286 3942 in

116 3981 293 4062 Vergilium
319 3981 351 4045 in
376 3979 558 4047 universum
583 3979 706 4060 quidem
732 3982 827 4047 cadit.

672 4169 724 4284 ll.

205 4334 344 4400 Dativus
364 4353 432 4400 cum
450 4336 671 4420 substantivis,
695 4336 872 4419 adjectivis,
895 4337 1068 4416 adverbiis,
1092 4338 1285 4424 interjectio·

115 4442 208 4509 nibus
232 4445 427 4528 conjunctus.
