2820 4920
605 263 803 324 „4-

205 455 253 518 Ac
277 452 412 534 primum
436 453 563 534 quidem
594 454 633 518 de
657 451 905 535 Holzvveissigio
940 452 1107 520 dicendum
1137 454 1207 521 erit.
1253 455 1289 520 Is

116 560 199 626 enim
222 560 256 626 in
279 561 299 625 l.
322 561 342 625 l.
366 579 439 642 pag.
464 567 503 626 29
528 559 671 627 dativum
689 580 730 626 ex
745 560 815 642 ipso
831 560 969 627 locativo
986 580 1062 626 casu
1078 562 1289 642 productione

117 667 236 734 vocalis
272 666 320 748 „i“
354 667 511 750 originem
542 669 659 734 ducere
689 667 881 748 suspicatur.
933 667 1087 734 Locativo
1119 669 1203 734 enim
1235 655 1289 735 vel

116 774 254 857 quietem
278 773 311 839 in
335 774 441 856 aliquo
465 775 534 841 loco
558 775 610 842 vel
634 780 752 840 motum
776 775 810 840 in
833 775 936 841 locum
959 775 1096 856 aliquem
1120 775 1210 841 initio
1235 796 1289 841 ex-

116 880 210 962 primi
243 887 353 947 000001
385 883 415 946 h.
447 901 473 946 e.
505 881 711 948 directionem
744 882 938 964 generalem.
984 882 1042 948 Oui
1075 882 1216 963 opinioni
1240 902 1289 948 re-

115 1007 261 1070 pugnare
296 987 433 1073 videtur,
468 990 551 1071 quod
587 1008 747 1072 nunqnam
782 994 886 1055 motus
919 1009 961 1055 ex
993 989 1098 1072 aliquo
1131 991 1200 1056 loco
1233 1009 1288 1054 ex-

116 1093 264 1177 primitur
279 1094 426 1176 locatim,
443 1097 527 1178 00011
543 1095 669 1178 quidem
685 1096 723 1161 fit
738 1096 889 1162 ablativo.
936 1097 1003 1162 Nec
1019 1104 1135 1176 tamen,
1161 1096 1290 1161 etiamsi

6 1194 34 1205 ''
115 1201 273 1268 locativus
304 1201 511 1269 directionem
544 1204 729 1285 generalem
761 1202 965 1284 exprimeret,
999 1203 1139 1269 dativum
1171 1223 1211 1267 ex
1244 1203 1290 1266 lo-

116 1307 222 1374 cativo
255 1309 465 1390 productione
496 1309 626 1393 vocalis
664 1310 713 1392 ‚,i“
744 1315 849 1375 ortum
873 1328 944 1375 esse
968 1310 1161 1391 putaverim.
1207 1311 1289 1374 Nam

116 1415 144 1481 si
168 1414 294 1481 omnino
318 1435 359 1481 ex
382 1416 521 1482 locatim
546 1417 676 1483 dativus
701 1415 890 1499 exstitisset,
914 1417 967 1499 qui
991 1418 1030 1483 de
1050 1416 1290 1498 Holzvveissigii

116 1521 278 1588 sententia
309 1527 426 1589 motum
459 1523 491 1588 in
522 1524 626 1590 locum
651 1524 809 1608 exprimit,
843 1543 964 1607 nempe,
997 1532 1034 1589 ut
1057 1523 1193 1603 videtur,
1224 1525 1288 1607 jam

116 1630 163 1696 eis
186 1629 392 1712 temporibus
425 1631 539 1713 quibus
570 1630 699 1699 dativus
731 1637 821 1697 ortus
853 1639 950 1712 esset,
983 1631 1121 1698 locativo
1150 1631 1289 1713 quietem

116 1739 149 1805 in
179 1738 247 1802 loco
279 1737 451 1820 praecipue
485 1737 661 1820 significari
693 1737 872 1820 oportebat.
920 1738 1011 1821 Quod
1045 1738 1076 1813 si¹
1104 1745 1184 1821 erat,
1219 1759 1289 1820 pro-

41 1907 44 1912 .
117 1843 268 1912 ductione
292 1829 414 1911 vocalis
440 1846 489 1927 „i“
517 1844 605 1912 notio
629 1844 746 1929 qnietis
780 1851 815 1910 ut
846 1844 877 1910 in
911 1851 1030 1911 motum
1063 1846 1290 1911 immutaretur

116 1951 186 2018 lieri
217 1951 344 2018 omnino
376 1971 440 2018 non
473 1953 587 2037 potuit,
622 1972 690 2019 curn
723 1952 932 2035 productione
967 1954 1088 2020 vocalis
1120 1954 1199 2018 nihil
1227 1952 1289 2017 nisi

116 2059 207 2143 quies
230 2065 335 2139 aucta,
366 2065 402 2125 at
434 2060 521 2124 nullo
556 2060 648 2125 modo
680 2065 784 2124 motus
817 2060 953 2140 exprimi
977 2067 1096 2142 posset,
1121 2062 1289 2126 dummodo

115 2165 256 2233 locativo
280 2165 370 2248 quies
394 2164 641 2248 significaretur.

206 2291 355 2358 Oeterum
384 2288 651 2372 Holzweissigius
682 2289 752 2370 ipse
783 2289 816 2354 in
848 2308 922 2372 pag.
956 2296 997 2355 74
1029 2291 1207 2374 confitetur,
1236 2296 1290 2358 da-

118 2398 218 2466 tivum
242 2397 407 2464 rarissime
431 2416 550 2463 meram
575 2395 783 2462 directionem
808 2396 997 2479 exprimere,
1026 2399 1083 2463 sed
1107 2401 1292 2482 plerumque

119 2524 286 2573 occurrere
320 2503 449 2570 notione
482 2504 651 2595 translata.
699 2503 843 2588 Denique
876 2503 909 2571 in
941 2525 970 2586 p.
1006 2511 1046 2572 75
1080 2505 1174 2572 dicit:
1206 2510 1292 2587 „ller

119 2610 308 2678 lateiniselre
328 2609 437 2692 Dativ,
461 2611 561 2678 durch
585 2614 647 2678 den
666 2611 954 2695 Spraclrgebrauch
977 2613 1043 2678 fast
1062 2633 1122 2679 nur
1145 2613 1177 2680 in
1198 2617 1290 2680 iiber-

120 2726 282 2803 traganer,
315 2718 431 2785 hiichst
462 2719 565 2783 seiten
598 2718 630 2783 in
664 2718 858 2783 r'a'umlicber
880 2719 1074 2801 Bedeutuug
1104 2723 1291 2803 gebranclrt,

119 2825 290 2894 verbindet
320 2825 388 2891 sich
422 2825 473 2890 nie
506 2824 563 2889 mit
596 2824 686 2890 einer
717 2823 954 2906 Praposition.“
1003 2826 1074 2891 Hoc
1107 2846 1185 2892 sane
1218 2848 1291 2908 gra-

119 2933 283 3001 vissimum
296 2939 354 3026 ‘est
372 2938 563 2997 momentnm
581 2938 615 2997 et
631 2931 773 2998 dativum
791 2937 882 3000 vetat
897 2931 1008 2997 haberi
1025 2951 1133 2998 casum
1150 2934 1290 2999 localem.

119 3043 225 3110 Causa
248 3059 334 3122 vero,
357 3058 451 3121 quam
474 3038 741 3122 Holcweissigius
764 3039 897 3122 profert,
928 3037 1005 3104 mihi
1038 3059 1099 3105 non
1128 3041 1291 3122 probatur.

119 3153 201 3218 Nam
225 3146 396 3226 ablativus
429 3145 481 3228 qui
515 3152 548 3211 et
578 3145 649 3227 ipse
681 3145 810 3211 notione
835 3144 995 3212 translata
1018 3154 1291 3229 usurpatur—nc-

120 3256 205 3323 mino
238 3253 414 3321 ablativum
448 3271 573 3336 causae,
605 3251 659 3334 qui
688 3251 1073 3320 vocatur—nihilominus
1105 3255 1292 3337 saepissime

121 3384 190 3431 cum
214 3360 454 3445 praepositione
477 3359 690 3443 conjungitur.
736 3359 799 3425 Sed
821 3378 860 3425 ne
884 3359 990 3441 potuit
1013 3361 1139 3443 quidem
1163 3364 1292 3429 dativus

121 3469 270 3557 conjungi
303 3488 373 3534 cnm
404 3465 652 3550 praepositione,
684 3467 759 3549 ouria
790 3487 852 3534 non
885 3474 936 3533 est
969 3488 1063 3553 casus
1093 3469 1205 3535 localis
1236 3471 1291 3534 sed

120 3577 358 3664 grammaticus.

210 3704 272 3773 Sed
281 3704 348 3787 jam
360 3703 402 3768 ad
414 3700 598 3768 Schroeteri
610 3698 804 3766 sententiam
817 3705 1018 3764 transeamus
1031 3702 1292 3781 cognoscendam.

121 3814 155 3878 Is
179 3811 273 3894 enim,
307 3809 360 3893 qui
392 3809 424 3875 in
459 3808 644 3875 universum
676 3805 803 3889 quidem
836 3803 978 3871 dativum
1003 3826 1065 3872 non
1089 3807 1217 3874 videtur
1240 3829 1291 3873 ex-

121 3919 267 3985 istimare
300 3936 408 3985 casum
431 3916 574 3999 localem,
608 3914 641 3981 in
672 3913 713 3980 iis
741 3910 906 3995 exemplis
939 3932 1020 3994 quae
1052 3916 1092 3980 de
1122 3916 1291 3980 multorum
1325 3963 1327 3968 .

123 4027 265 4096 virorum
289 4025 453 4092 sententia
476 4029 594 4091 motum
619 4022 812 4104 exprimunt,
836 4038 945 4085 casum
977 4040 1040 4086 non
1069 4021 1212 4088 dativum
1236 4025 1292 4088 sed

123 4133 297 4202 locativum
328 4152 401 4200 esse
424 4131 615 4216 suspicatur,
648 4151 674 4197 e.
704 4149 735 4212 g.
765 4126 799 4193 in
823 4125 939 4205 verbis,
972 4145 1053 4206 quae
1086 4134 1161 4193 sont
1191 4129 1292 4208 „Orco

123 4241 300 4309 demissus“
326 4260 390 4307 non
414 4240 557 4307 dativum
581 4257 652 4326 esse
676 4238 759 4304 Orco
783 4234 839 4299 sed
862 4230 1044 4299 locativum.
1090 4235 1157 4302 Nec
1184 4242 1292 4302 tamen

23 4390 26 4401 ·
124 4350 218 4434 bajus
241 4347 423 4414 sententiae
447 4351 639 4431 argumenta
663 4344 754 4411 nobis
777 4339 963 4423 probantur,
992 4340 1054 4405 etsi
1083 4342 1121 4406 A.
1145 4342 1293 4423 Draeger

124 4457 157 4524 in
181 4457 271 4537 libro,
296 4455 348 4539 qui
371 4454 559 4521 inscribitur
582 4450 803 4534 „Historisclre
820 4445 962 4527 synar
987 4454 1060 4531 tom,
1084 4448 1108 4511 l.
1132 4467 1204 4530 pag.
1229 4455 1291 4515 427
