2820 4920
614 244 814 302 ..7-

128 440 201 523 ipse
214 438 380 507 Nauekius
401 432 508 502 sumit.
554 434 645 519 Quae
661 435 824 503 sententia
839 434 972 503 fulcitur
986 437 1150 520 adjectivo
1171 440 1302 521 ‚gravi“

130 548 289 631 apposito,
304 544 451 630 quoniam
468 562 541 610 oum
554 543 695 610 loeativo
711 563 873 625 nunquam
885 544 1079 627 adjectivum
1091 547 1304 629 conjungitur.

131 656 192 738 (ef.
214 655 339 721 Handb.
360 652 414 719 fiir
436 649 916 717 niernums-Wissenscuarten
940 671 1013 735 pag.
1038 653 1116 738 276)

216 762 383 846 ,‚Oeeano“
406 760 518 843 (Verg.
542 758 660 839 Georg.
684 756 728 824 ΙΙ.
747 760 827 838 481)

112 856 115 863 ’
216 869 366 950 „Oeeeno
389 870 564 949 properant
587 883 623 930 se
646 864 797 947 tinguere
820 866 935 932 soles.“

217 976 282 1042 Sed
304 976 365 1041 hoe
382 975 451 1040 loeo
470 973 566 1056 plane
581 992 646 1038 non
665 978 724 1053 est,
749 992 805 1039 cnr
821 979 927 1039 motus
943 973 976 1040 in
992 975 1094 1041 locum
1112 978 1304 1063 postuletur,

127 1084 269 1150 Verbum
293 1080 463 1165 tinguendi
489 1079 571 1147 nihil
599 1084 693 1145 notat
715 1080 786 1162 nisi,
816 1087 852 1146 ut
880 1081 1064 1148 vernaculis
1087 1084 1195 1150 verbis
1219 1093 1304 1169 utar,

128 1192 327 1273 „benetzeu.“
382 1188 474 1273 Quae
505 1208 576 1254 omn
608 1188 655 1254 ita
687 1187 762 1268 sint,
798 1190 899 1255 verba
930 1189 1063 1255 laudata
1095 1190 1299 1273 significant:

124 1298 217 1363 Soles
257 1303 434 1379 properant
474 1316 510 1362 se
551 1297 701 1378 tinguere
732 1314 824 1378 aqua.
879 1296 1007 1362 Oceano
1044 1296 1145 1380 igitur
1182 1307 1233 1366 est
1270 1323 1303 1367 a·

126 1403 508 1491 blativusjinstrumenti.

218 1496 390 1578 Seliroeter
412 1512 520 1594 pergit
549 1511 581 1576 in
604 1531 678 1593 pag.
703 1518 739 1576 6:
772 1511 897 1592 „Selbst
929 1513 962 1576 in
990 1513 1303 1584 Personenbezeielr·

129 1638 259 1702 nungen
290 1620 355 1686 und
386 1618 611 1700 persdnliehen
643 1618 864 1700 Idigennamen
897 1620 996 1685 findet
1029 1619 1097 1685 sielr
1129 1621 1163 1687 in
1194 1624 1302 1689 dieser

127 1711 321 1809 Bedeuluug
343 1727 401 1792 der
425 1725 526 1793 Dativ
547 1726 755 1808 gebrauelrt.“
786 1745 812 1792 e.
845 1745 876 1806 g.
909 1727 1006 1808 Verg.
1038 1729 1118 1794 Aen.
1151 1731 1194 1796 ll.
1217 1737 1301 1797 456:

125 1852 260 1915 puerum
292 1842 354 1901 avo
386 1833 556 1899 trahebat:
589 1852 625 1897 er
656 1852 717 1913 zog
748 1833 810 1897 den
833 1833 970 1897 Knaberr
1002 1853 1073 1900 zum
1104 1836 1302 1905 Grossvater

125 1939 209 2007 hin.“
255 1940 418 2024 (Ceterum
441 1941 632 2007 vertendum
665 1958 726 2004 non
759 1945 810 2003 est
841 1957 896 2023 „er
929 1941 1008 2021 zog“
1037 1944 1094 2008 sed
1117 1943 1183 2028 „sie
1206 1949 1300 2027 7,οξζῇι

125 2047 271 2129 loquitur
293 2046 377 2113 euim
410 2053 505 2129 poeto
535 2049 575 2113 de
608 2046 857 2131 Andromacha.)
904 2046 968 2112 Sed
990 2048 1137 2129 quoniam
1164 2051 1301 2117 vidimus

126 2174 168 2220 ne
189 2153 224 2219 in
248 2153 403 2235 exemplis
424 2153 550 2237 quidem
580 2154 720 2221 laudatis
744 2174 823 2236 opus
852 2173 923 2220 esse
947 2155 1121 2221 locativum
1146 2162 1300 2254 statuere

124 2260 352 2327 multominus
383 2280 463 2343 opus
492 2268 551 2342 est,
584 2261 613 2327 si
645 2282 757 2327 nornen
791 2261 894 2329 dativi
927 2261 1090 2343 signifieat
1122 2283 1299 2345 personam.

123 2368 196 2434 Non
211 2368 313 2451 igitur
328 2370 368 2434 ud
385 2388 482 2436 avum
498 2368 640 2434 trahitur
656 2388 744 2452 puer,
761 2370 818 2434 sed
835 2389 904 2450 avo,
922 2368 972 2434 eui
989 2388 1089 2451 nepos
1105 2370 1224 2453 gaudio
1241 2379 1299 2437 est.

212 2475 337 2542 Deinde
360 2475 535 2542 Selrroeter
566 2476 687 2542 formas
720 2476 839 2541 tertiae
872 2476 1098 2542 declinationis
1123 2487 1300 2553 enumerat,

124 2600 143 2648 e
166 2601 228 2663 quo
251 2602 382 2649 numero
407 2601 615 2649 commemoro
640 2584 716 2648 has:

128 2706 161 2790 1)
183 2708 277 2773 morti
302 2709 423 2793 (Pleuit.
447 2708 537 2790 Capt.
561 2710 622 2774 ΙΙΙ.
647 2715 675 2774 5.
699 2712 732 2792 8)

576 2816 689 2896 „morti
713 2817 847 2882 misero“

343 2923 457 3006 „morti
480 2924 668 2990 demittere“
694 2925 802 3007 (Verg.
829 2926 909 2989 Aen.
933 2925 971 3005 V,
996 2930 1072 3005 69])

124 3030 157 3107 2)
179 3028 251 3092 neei
275 3029 385 3112 (Verg,
408 3032 489 3096 Aen.
512 3032 555 3096 ΙΙ.
580 3036 635 3113 85)

464 3140 644 3222 „insontem
670 3139 827 3204 demisere
851 3137 948 3204 neei.“

124 3238 159 3324 3)
183 3241 270 3307 noeti
293 3243 397 3324 (Ovio.
421 3247 497 3312 Met.
522 3247 582 3312 ΙΙΙ.
608 3245 686 3330 695)

278 3348 282 3355 ’
381 3353 540 3435 „Corpora
563 3354 699 3435 Stygiae
723 3354 893 3419 demittere
918 3355 1030 3419 noeti.“

210 3455 276 3521 Sed
306 3458 394 3525 valet
432 3463 470 3527 de
510 3461 560 3525 liis
593 3461 704 3526 formis
736 3462 829 3541 idem,
863 3463 944 3542 quod
979 3481 1077 3543 supra
1111 3464 1150 3528 de
1193 3462 1296 3528 foruna

121 3564 241 3642 ‚,Oreo“
265 3570 323 3632 ete.
350 3569 505 3642 diximum
538 3570 613 3652 quin
645 3570 742 3634 etiam
767 3571 879 3633 eadem
903 3572 1002 3634 verua
1025 3570 1182 3649 mittendi,
1214 3589 1294 3649 oriae

122 3686 219 3751 supra
241 3675 450 3755 repperimus
475 3695 545 3741 oum
569 3677 619 3742 liis
643 3677 813 3759 conjuncta
836 3675 982 3756 legimus.

210 3778 289 3846 Urbi
311 3783 423 3864 (Verg.
447 3783 527 3849 Aen.
551 3784 594 3849 Π.
619 3788 673 3865 47)

208 3886 377 3968 „Machina
400 3896 538 3954 ventura
562 3893 702 3973 desuper
725 3892 822 3959 urbi.“

206 3994 379 4062 Schroeter
403 3996 517 4062 vertit:
549 3998 629 4079 „Die
659 4021 721 4066 von
745 4001 827 4066 oben
851 4000 883 4065 in
908 4000 959 4065 die
983 4001 1078 4066 Stadt
1101 3999 1291 4082 eindringen

117 4101 235 4184 wird;“
259 4105 342 4185 quod
367 4103 492 4186 quidem
517 4125 587 4170 oum
611 4109 774 4174 sententia
798 4107 958 4174 enuntiati
982 4107 1141 4191 congruit,
1170 4112 1205 4172 at
1228 4127 1291 4173 riou

116 4228 188 4274 eum
211 4215 385 4277 structura.
431 4214 531 4277 Immo
555 4215 656 4279 verba
687 4216 798 4280 rodem
832 4220 987 4296 usurpata
1018 4220 1094 4281 sunt
1124 4215 1225 4293 modo,
1256 4221 1292 4278 ut

114 4314 149 4382 iu
173 4317 293 4383 Tibulli
324 4317 449 4400 elegiae
482 4321 604 4400 primae
636 4340 733 4387 versu
759 4327 817 4387 59:
848 4341 1018 4404 „suprema
1041 4322 1120 4388 mihi
1144 4341 1215 4387 eum
1238 4340 1291 4388 ve·

115 4424 203 4489 uerit
226 4426 332 4490 hora.“
379 4427 527 4492 Laocoon
550 4428 660 4510 igitur,
684 4429 724 4494 de
748 4449 808 4511 quo
832 4429 992 4497 innostro
1017 4432 1085 4496 loeo
1101 4428 1290 4512 Vergiliano
