2820 4920
590 242 810 303 ..30-

114 429 284 498 Disaenius
307 420 422 515 monet,
446 433 478 499 in
502 434 527 501 Ι.
553 439 581 499 3.
607 439 647 499 37
673 433 824 501 omissum
848 440 915 501 est:
940 453 1031 518 „nam
1052 452 1149 516 posse
1165 435 1295 501 mederi

115 537 201 619 pieta
225 539 319 606 docet
340 541 489 607 tabella.“

115 645 169 711 lV.
197 651 246 711 13.
273 651 320 714 lb.
368 649 438 715 Hoo
462 647 521 714 tibi
545 651 658 714 666616
682 653 756 714 1666
779 648 919 715 Junouis
942 649 1073 716 numina
1091 651 1174 733 juro.

204 754 268 819 Pro
301 754 485 822 accusativo
521 755 637 839 objecti
672 754 867 822 constructio
910 756 1061 825 infinitivi
1101 760 1215 823 exstat
1258 756 1292 823 in

114 860 139 925 l.
172 868 200 926 9.
233 867 283 942 31,
315 860 349 927 in
381 863 485 929 altero
517 868 624 929 autem
656 863 725 929 1666
758 881 906 947 persona,
938 883 996 946 per
1028 883 1123 947 quam
1151 864 1292 948 juratur,

115 970 246 1052 ponitur
268 971 301 1038 in
324 972 510 1040 accusativo
534 973 627 1053 nudo,
651 973 740 1056 eujus
764 990 840 1037 usus
869 973 1017 1054 exempla
1044 971 1192 1039 laudavit
1216 972 1292 1039 Dis-

115 1077 224 1143 senius
256 1077 289 1144 iu
321 1099 394 1163 pag.
424 1086 499 1166 463,
533 1086 645 1148 contra
676 1078 709 1145 iu
742 1080 811 1145 loco
845 1080 1055 1146 Pseudo-Tib.
1087 1080 1151 1146 lli.
1175 1085 1204 1146 3.
1229 1084 1292 1146 47:

115 1184 207 1269 „Etsi
221 1204 342 1269 perque
362 1206 436 1253 suos
455 1237 462 1254 .
487 1239 494 1254 .
517 1239 524 1255 .
540 1186 665 1271 jurabit
680 1186 816 1253 ocellos“
832 1185 1023 1268 exprimitur
1039 1185 1291 1270 praepositione,

115 1309 197 1373 quae
220 1298 272 1359 est
294 1295 389 1376 „per“
412 1299 445 1360 et
468 1296 660 1362 accusativo.

203 1401 299 1483 Apud
322 1401 502 1484 Vergilium
526 1402 636 1468 eodem
661 1403 752 1469 modo
776 1421 922 1484 persona,
953 1420 1011 1483 per
1034 1419 1128 1482 quam
1147 1401 1291 1484 juratur,

116 1505 147 1570 in
174 1508 358 1575 accusativo
382 1508 512 1588 ponitur
539 1512 641 1576 nudo:
675 1511 747 1575 Aen
782 1509 858 1576 XII.
887 1515 964 1577 197:
1000 1508 1160 1588 „Terram
1184 1508 1292 1593 Mare,

115 1612 229 1679 Sidera
256 1615 355 1697 1616,ιι
388 1616 468 1681 Aen.
501 1616 556 1682 Vi.
590 1622 651 1683 351
685 1616 810 1698 „Maria
843 1635 960 1698 aspera
988 1615 1101 1699 jnro;“
1141 1613 1294 1682 dativum

116 1724 224 1786 autem
246 1720 281 1786 in
304 1720 355 1787 his
383 1721 544 1805 Vergilius
569 1743 630 1791 non
655 1723 788 1791 addidit.

119 1834 248 1893 11-13
272 1827 374 1912 mitto,
397 1848 488 1912 nego.

133 1937 177 2001 ll.
224 1942 252 2001 5.
275 1940 327 2003 44.
373 1939 477 2003 Deum
501 1939 589 2005 eaelo
614 1938 739 2006 miserit
761 1938 952 2021 Indigetem.

134 2044 177 2109 ΙΙ.
225 2050 253 2109 6.
278 2049 329 2110 37.
375 2045 424 2111 Ν6
447 2044 508 2109 tibi
532 2096 538 2110 .
563 2094 570 2110 .
595 2045 726 2111 mittant
749 2046 834 2111 mala
858 2045 981 2111 somnia
1005 2045 1127 2111 Manes.

116 2149 173 2216 lV.
198 2156 248 2216 13.
275 2156 324 2216 13.
370 2149 522 2217 Mittatur
546 2151 649 2217 amica
672 2150 808 2217 Tibullo.

134 2257 177 2323 ΙΙ.
225 2264 253 2324 3.
278 2265 328 2325 80.
374 2259 447 2325 Non
471 2278 532 2341 ego
555 2277 605 2324 me
630 2258 745 2326 vinclis
769 2277 861 2341 nego.

116 2364 336 2433 Pseudo-Tib:
359 2366 420 2432 ΙΙΙ.
448 2373 474 2432 1.
499 2372 549 2432 33.
596 2366 686 2432 Η666
709 2366 769 2431 tibi
791 2365 842 2433 111
865 2365 974 2431 mittit.

117 2473 177 2537 lli.
202 2479 231 2537 6.
259 2473 306 2538 15.
353 2473 507 2540 Ferocem
531 2473 678 2541 dominae
701 2473 790 2540 misit
813 2473 847 2539 in
870 2473 1047 2540 arbitrium.

206 2579 303 2660 Apud
326 2579 486 2647 Tibullum
510 2583 642 2649 verbum
665 2582 814 2649 mittendi
846 2580 1051 2665 conjungitur
1083 2599 1153 2646 oum
1177 2578 1294 2646 dativo

118 2684 187 2753 6116
217 2704 375 2768 personae
408 2689 515 2771 (11.6.
542 2695 599 2770 37;
624 2690 680 2756 IV.
708 2695 756 2755 13.
783 2692 833 2768 13)
866 2687 936 2755 6116
966 2687 1015 2754 161
1043 2688 1098 2770 (11.
1123 2692 1152 2754 5.
1175 2685 1231 2767 44)
1256 2692 1295 2752 et

118 2793 304 2862 accusativo
327 2796 451 2879 objecti,
475 2796 509 2862 in
533 2795 743 2862 Pseudo-Tib.
768 2800 878 2862 exstat
900 2795 952 2862 161
976 2794 1106 2862 dativus
1130 2812 1293 2877 personae

119 2900 190 2982 (III.
219 2907 244 2967 1.
269 2904 324 2984 33)
347 2902 400 2969 161
424 2902 561 2969 elocutio
584 2903 869 2987 praepositionalis
893 2903 966 2988 (lli.
993 2910 1021 2969 6.
1049 2906 1110 2982 15).
1155 2904 1205 2968 De
1228 2902 1294 2968 boc

118 3009 227 3078 dativo
245 3009 313 3093 jam
336 3008 368 3075 in
393 3009 499 3093 priore
523 3011 617 3095 huius
640 3010 879 3079 dissertationis
912 3014 1006 3093 parte
1030 3012 1204 3075 tractatum
1229 3013 1291 3073 est.

119 3117 220 3184 Errat
247 3117 348 3201 igitur
379 3117 559 3203 Sehroeter,
592 3118 646 3201 qui
678 3121 762 3185 huuc
792 3117 936 3186 dativum
969 3117 1001 3183 in
1035 3116 1090 3195 .,0“
1118 3118 1292 3182 exeuntem

119 3227 205 3308 apud
228 3225 388 3292 Tibullum
413 3244 581 3293 666611616
604 3226 638 3292 in
661 3225 680 3292 l.
705 3225 724 3292 l.
749 3245 778 3307 p.
803 3234 821 3291 3
846 3230 955 3308 negat.
1000 3224 1064 3291 Hio
1083 3222 1212 3291 dativus
1236 3221 1292 3287 de-

119 3333 262 3415 pendens
294 3354 314 3399 a
346 3334 453 3401 verbis
485 3339 604 3400 motum
633 3331 891 3417 significantibus
914 3333 1000 3414 apud
1023 3328 1204 3414 Vergilium
1227 3328 1291 3395 ire·

120 3441 348 3525 quentissimus
371 3447 431 3508 661.
477 3441 516 3508 cl.
539 3440 669 3508 Dittelii
691 3441 711 3512 l.
735 3442 755 3507 l.
778 3461 806 3524 p,
833 3449 885 3508 33.

207 3549 349 3616 Verbum
372 3549 512 3632 negandi
535 3568 606 3616 cum
630 3549 740 3617 dativo
775 3551 978 3632 conjunctum
1003 3565 1065 3612 unu
1090 3543 1292 3613 1666311161-

119 3657 206 3724 liano
230 3657 285 3738 (II.
311 3664 338 3723 3.
363 3658 418 3739 80)
440 3655 569 3739 legitur.

629 3770 677 3829 13.
702 3768 786 3846 opto.

119 3872 144 3938 1.
170 3878 198 3938 3.
223 3872 274 3938 83.
321 3871 457 3954 Optavit
479 3872 585 3938 lentas
609 3876 643 3936 et
665 3868 743 3935 mibi
768 3868 910 3935 militias.

120 3981 244 4047 Eadem
268 3987 319 4046 est
342 3986 506 4046 structura
529 3977 563 4043 in
586 3996 681 4045 versu
705 3978 842 4044 Ps-'l'ib

120 4087 176 4153 IV.
199 4092 230 4154 4.
254 4094 304 4153 36.
329 4087 496 4169 Optabunt
518 4090 607 4152 artes
631 4088 665 4150 et
688 4084 749 4150 sibi
772 4083 905 4167 quisque
928 4088 1011 4149 tuas.

626 4215 675 4277 14.
698 4210 792 4277 nudo.

210 4339 280 4406 Ηο6
295 4338 428 4406 uerbum
444 4356 507 4404 uuo
521 4337 591 4404 loeo
607 4335 786 4419 reperitur:
809 4334 946 4401 Ps-Tib.
970 4335 1025 4401 lV.
1044 4341 1072 4400 7.
1090 4343 1118 4401 3.
1157 4335 1291 4418 Qualem

121 4446 243 4515 texisse
266 4464 361 4528 quam
384 4445 523 4511 nudasse
546 4444 651 4510 611611.
