2820 4920
623 285 821 345 ..5-

136 477 319 546 consentire
341 474 479 544 videtur.
524 474 628 541 Sumit
651 474 735 541 enim
759 473 932 539 Schroeter
954 473 1088 539 formam
1114 472 1239 552 „caeld‘
1269 489 1309 536 ex

135 584 317 666 „caelo-i‘
361 589 465 649 ortam
507 581 636 665 graecis
679 580 791 647 tormis
835 581 1067 663 χαμαί-οἴκοι
1105 579 1310 661 respondere,
1364 570 1368 575 ’

136 694 219 775 quod
241 710 319 757 sane
343 689 473 757 concedi
497 708 561 754 non
584 693 700 771 potest.
747 689 891 771 Namque
914 706 1052 771 graecae
1075 686 1205 766 formae,
1230 703 1311 767 quae

136 805 187 865 est
209 799 293 864 οἴκοι
312 798 486 864 secundum
509 795 630 862 latinas
653 799 745 879 leges
769 796 966 878 plroneticas·
988 795 1162 876 respondet
1185 791 1313 875 „caeli,“

136 888 218 988 quod
234 907 340 973 elucet
356 924 397 971 ex
415 905 518 971 forma
538 904 660 985 „humi‘
677 909 711 970 et
726 904 953 970 terminatione
970 901 1158 970 nominativi
1177 899 1311 982 pluralis

135 1011 360 1079 declinationis
384 1012 552 1092 secundae,
576 1031 657 1094 quae
681 1019 732 1078 est
755 1012 805 1092 ,‚i“
828 1030 874 1078 ex
897 1010 1010 1095 ‚,o-i“
1034 1018 1114 1076 orta.
1160 1007 1311 1074 Latinum

137 1125 244 1186 autem
267 1119 394 1200 „caeld‘
416 1139 457 1184 ex
481 1120 662 1199 „caelo-i‘
685 1126 788 1185 ortum
821 1139 890 1186 cum
924 1137 1044 1200 graeca
1074 1116 1176 1183 iorma
1208 1117 1310 1180 otoo-r

136 1258 180 1283 =
204 1229 280 1312 οἴκῳ
305 1227 553 1308 comparandum
570 1233 621 1293 est
637 1227 807 1309 (B'dclreler
823 1225 1001 1292 Grundriss
1018 1244 1091 1307 pag.
1109 1227 1172 1306 55.)

227 1333 350 1418 Quodsi
373 1333 512 1401 vidimus
541 1333 661 1400 formas
684 1334 844 1400 secundae
868 1331 1093 1399 declinationis
1116 1332 1254 1399 locativo
1279 1351 1311 1396 a·

141 1441 238 1508 scribi
261 1461 324 1507 non
347 1459 450 1523 posse,
484 1460 524 1507 ne
548 1441 581 1506 in
605 1440 709 1522 prima
732 1447 790 1506 aut
814 1440 914 1507 tertia
947 1440 1073 1522 quidem
1097 1438 1312 1505 declinatione

139 1547 296 1615 locativos
326 1567 496 1631 sumemus,
529 1547 720 1630 praesertim
744 1568 824 1632 cum,
857 1549 940 1629 quod
963 1545 1082 1612 attinet
1113 1546 1151 1614 ad
1184 1565 1311 1611 sensum

136 1656 304 1737 enuntiati,
328 1672 364 1722 ut
386 1655 471 1722 infra
494 1655 680 1740 videbimus
708 1675 788 1738 opus
811 1675 875 1721 nou
899 1656 942 1720 sit
965 1654 1122 1721 locativos
1158 1660 1312 1734 statuere,

137 1782 325 1845 quamquam
357 1764 593 1830 concedendum
627 1763 763 1844 videtur,
796 1762 929 1828 formam
964 1781 1045 1845 quae
1079 1768 1129 1827 est
1160 1765 1312 1842 ,‚terrae“‚

136 1890 218 1953 quae
241 1870 399 1938 locativus
422 1888 517 1936 casus
534 1888 605 1935 esse
622 1875 738 1951 potest,
755 1888 980 1951 nonnunquam
999 1870 1131 1935 localem
1148 1867 1311 1933 notionem

140 1980 297 2060 praebere
320 1997 415 2060 posse
439 1976 490 2060 (ci.
514 1978 663 2059 Draeger
686 1976 727 2043 H.
751 1977 781 2042 S.
805 1977 830 2042 l.
856 1975 944 2060 572).

230 2085 322 2150 Nunc
345 2091 546 2150 transeamus
570 2087 612 2150 ad
636 2084 782 2166 singulos
804 2083 891 2149 locos
914 2083 1141 2148 aSclrroetero
1166 2083 1313 2148 laudatos

141 2197 174 2256 et
198 2190 344 2276 elucebit,
368 2191 511 2258 dativum
532 2192 632 2257 multo
652 2190 843 2258 uiuidiorem
862 2210 900 2256 ac
919 2189 1135 2257 nervosiorem
1155 2194 1313 2271 poetaque

139 2297 316 2381 digniorem
339 2317 411 2364 esse
435 2298 530 2364 locali
554 2297 797 2381 significatione.

228 2423 378 2503 „Habent
423 2425 564 2490 Tartara
609 2422 810 2490 Panthoiden
836 2422 962 2488 iterum
1003 2424 1086 2489 Orco
1123 2421 1314 2489 demissum‘

139 2532 228 2613 (Hor.
253 2550 349 2596 carm.
373 2532 398 2596 Ι.
423 2537 474 2596 28.
502 2533 564 2613 11),
596 2533 683 2616 „Der
710 2550 780 2596 zum
812 2530 1033 2598 aweitenmale
1057 2531 1089 2595 in
1122 2531 1181 2596 deu
1211 2529 1313 2596 Orcus

139 2637 407 2720 hinabgestiegen
431 2637 502 2722 ist,“
534 2643 570 2703 ut
602 2638 649 2704 ait
672 2640 852 2704 Schroeter.
898 2639 961 2704 Sed
994 2638 1140 2719 vidimus,
1170 2638 1313 2717 formam,

139 2764 220 2826 qnae
244 2751 295 2810 est
318 2744 410 2824 Orco,
442 2744 615 2814 locatiuum
648 2765 720 2811 esse
755 2765 817 2811 non
847 2764 950 2826 posse,
985 2765 1043 2810 nec
1076 2745 1313 2811 concedendum

68 2860 70 2865 ’
139 2856 197 2931 est,
232 2851 406 2918 locativum
441 2857 561 2918 motum
592 2872 715 2934 quoque
747 2853 778 2918 in
815 2854 917 2919 locum
949 2852 1130 2933 exprimere
1161 2852 1315 2936 (Bliclrler

139 2958 158 3024 l.
182 2958 203 3023 l.
227 2977 299 3040 pag.
324 2960 388 3041 60),
412 2958 548 3040 denique
572 2959 746 3025 animosior
768 2969 820 3025 est
843 2959 973 3026 dativus
997 2979 1092 3041 quam
1122 2959 1314 3042 significatio

140 3084 229 3130 mera
261 3065 381 3131 localis.
427 3065 461 3131 Si
494 3065 565 3147 quis
596 3065 688 3132 dicit:
723 3067 826 3149 „Orco
860 3066 1037 3132 demissus“
1074 3067 1176 3151 (dat),
1211 3066 1314 3132 Orcus

140 3189 204 3236 non
229 3173 319 3238 modo
344 3172 507 3254 cogitatur
534 3172 631 3251 loona,
655 3174 696 3238 ad
721 3192 813 3255 quem
844 3179 949 3238 motus
974 3171 1133 3256 dirigitur,
1164 3174 1222 3239 sed
1245 3172 1314 3254 ipse

140 3277 303 3361 cogitatur
325 3278 362 3360 ie,
386 3280 428 3345 ad
451 3299 553 3362 quem,
586 3280 616 3345 h.
649 3299 675 3345 e.
707 3282 748 3346 ad
782 3281 871 3363 cujus
895 3280 1034 3346 animum
1058 3279 1142 3345 actio
1167 3278 1315 3344 mittendi

57 3462 61 3467 Ι
139 3385 291 3466 pertinet.
355 3387 458 3453 Orcus
500 3385 592 3468 quasi
635 3386 799 3469 cogitatur
840 3387 877 3468 is,
919 3386 972 3469 qui
1014 3385 1151 3470 aliquem
1200 3388 1314 3453 iterum

142 3492 318 3573 potestatis
341 3512 420 3560 suae
442 3492 530 3559 lacit.

183 3617 273 3684 Idem
297 3619 387 3686 valet
410 3620 449 3684 de
473 3618 552 3684 Hor.
576 3617 642 3683 Sat.
665 3618 709 3683 II.
740 3624 768 3684 5.
793 3625 850 3686 49:
883 3606 1036 3701 „Siquis
1064 3637 1158 3685 casus
1181 3637 1313 3701 puerum

139 3725 221 3791 Orco
237 3724 389 3792 miserit.“
433 3727 471 3791 In
490 3725 540 3791 lris
556 3725 665 3792 verbis
680 3724 773 3806 inest,
790 3725 818 3792 si
835 3725 906 3808 quis
926 3745 1019 3792 casus
1035 3745 1165 3808 puerum
1190 3724 1314 3790 miserit

139 3833 230 3917 Orco,
251 3852 313 3898 non
333 3833 366 3898 in
387 3834 519 3917 Orcum3
541 3833 703 3899 nonenim
725 3833 835 3916 agitur
851 3835 891 3899 de
909 3833 1085 3900 directione
1098 3832 1232 3916 itineris
1256 3833 1313 3897 sed

138 3939 245 4006 dicere
269 3942 340 4007 vult
363 3946 476 4022 poeta:
501 3939 535 4006 Si
551 3941 654 4007 Orcus
671 3960 802 4022 puerum
819 3940 1001 4022 arripuerit
1047 3942 1118 4006 Hoc
1134 3940 1313 4022 cogitamus

138 4046 195 4112 illa
220 4050 321 4113 uerba
336 4049 493 4130 legentes.
539 4048 629 4112 Idem
649 4048 794 4130 pertinet
809 4049 850 4114 ad
866 4050 947 4113 Aen.
963 4049 1006 4112 Il.
1024 4054 1087 4113 398
1109 4053 1144 4112 et
1158 4047 1219 4114 IX.
1236 4048 1312 4111 785:

230 4156 418 4237 „Averno“:
442 4154 548 4222 tacilis
572 4156 747 4221 descensus
770 4157 910 4222 Averno.
1205 4151 1207 4155 ’

226 4263 337 4345 (Verg.
369 4264 448 4328 Aen.
481 4263 538 4329 Vl.
573 4264 648 4342 116)
699 4261 763 4328 Hic
794 4263 883 4328 locus
915 4269 966 4327 est
996 4260 1211 4346 difficillimus
1244 4280 1313 4326 cum

137 4369 267 4437 dativus
290 4389 310 4434 a
333 4369 537 4437 substantivo
561 4370 629 4436 solo
653 4370 839 4451 dependens
868 4388 963 4436 rarus
986 4369 1030 4436 sit
1053 4389 1112 4436 nec
1136 4387 1313 4452 congruere

137 4477 288 4544 videatur
330 4497 400 4544 cum
434 4478 535 4543 dativi
565 4477 682 4544 indole.
730 4478 777 4543 nt
806 4478 960 4559 profecto,
985 4477 1037 4542 lric
1061 4477 1192 4544 dativus
1216 4477 1315 4542 babet
