2820 4920
558 286 803 351 -47-'

551 446 553 450 ’
588 483 743 619 vua

173 701 277 765 Natus
309 718 378 764 sum
406 698 567 763 Hemicus
597 700 674 763 iheu
704 719 733 764 a.
766 700 795 765 d.
822 699 912 765 XVI.
943 701 1015 766 Kal.
1046 699 1148 781 April.
1180 700 1257 765 almi

84 826 177 907 hujus
201 824 322 891 saeculi
346 825 448 890 LVII.
471 825 504 889 iu
528 824 668 890 Hassiae
692 845 785 906 pago,
810 826 863 906 qui
887 832 1020 892 vocatur
1044 826 1256 908 Wesenberg,

84 957 178 1033 patre
212 949 355 1014 Hemico
388 957 420 1014 et
451 955 554 1014 matre
586 949 775 1016 Elisabetha
813 971 829 1015 e
870 957 968 1032 geute
1000 951 1123 1034 Knoch,
1163 970 1256 1032 quam

85 1081 179 1157 petre
211 1081 334 1140 mortuo
366 1075 470 1140 adhuc
501 1075 709 1154 superstitem
743 1095 814 1141 esse
843 1095 935 1156 quam
962 1076 1099 1142 maxime
1122 1062 1276 1156 gaudee(

85 1199 243 1264 Examiue
288 1199 488 1264 maturitatis
533 1199 564 1263 in
613 1203 781 1282 gymnasio
829 1200 1050 1266 Hersfeldeusi
1097 1209 1257 1284 superate,

85 1326 296 1405 Marpurgum
328 1344 377 1388 me
408 1324 536 1404 contuli,
568 1330 603 1388 ut
635 1325 754 1390 litteris
786 1325 988 1408 philologieis
1020 1345 1070 1391 me
1100 1327 1258 1392 dederam.

86 1450 152 1514 Per
175 1468 232 1515 sex
256 1449 425 1514 semestria
449 1449 602 1515 lectiones
627 1451 768 1516 virorum
789 1451 1044 1517 doctissimorum
1064 1452 1258 1532 Bergmanm

10 1622 12 1627 -
87 1575 215 1657 Caesar,
232 1576 348 1655 Lucae,
368 1574 472 1670 Niese,
490 1574 616 1653 Nissen,
637 1574 729 1655 Reiu,
747 1577 845 1656 Lecp.
861 1575 1014 1659 Schmidt,
1034 1576 1258 1656 varrum-app

88 1697 207 1778 audivi,
220 1698 333 1779 quibus
346 1699 491 1764 omnibus
504 1699 629 1780 gratias
643 1718 769 1781 semper
781 1702 903 1766 habebo
916 1685 1081 1766 maximas.
1101 1700 1259 1778 Examiue

26 1827 30 1835 '
88 1841 145 1902 pro
168 1822 325 1888 facultate
348 1823 483 1889 docendi
506 1833 657 1904 superato
681 1824 735 1889 ubi
759 1824 871 1889 officiis
891 1825 1083 1890 militaiibus
1107 1825 1259 1903 satisfeci,

87 1946 119 2010 in
144 1948 313 2028 gymnasio
338 1948 494 2013 Fuidensi
518 1954 621 2013 artem
646 1949 780 2014 docendi
803 1968 954 2014 exercere
975 1951 1064 2030 coepi
1087 1970 1125 2014 ac
1145 1936 1292 2042 deiude-

88 2071 387 2152 realpmgymuasic
401 2071 652 2137 Schmalcaldicu
669 2073 831 2153 ascriptus
848 2093 925 2154 sum,
947 2074 1001 2139 ubi
1018 2075 1122 2140 adhuc
1139 2092 1259 2139 versor.
