2820 4920
558 271 778 331 -37..

81 465 219 551 Ps,-Tib.
242 465 303 531 Ill.
327 470 356 529 6.
380 468 438 529 st:
462 460 565 528 Sertis
589 458 821 543 ,‚impliouisse“
845 477 960 524 comas.

80 573 239 640 inscribo:
262 571 318 636 IV.
345 577 371 636 l.
394 576 456 635 38:
503 569 682 634 Inscribam
705 586 818 634 nomeu
843 565 876 630 in
899 564 990 670 actis

82 680 208 746 intexo:
260 679 316 743 lV.
344 685 369 742 1.
416 684 452 742 5:
498 675 628 741 Obortis
662 675 809 740 intexere
842 671 1007 754 quisquam
1040 672 1126 738 lacta
1150 679 1255 753 queat.

618 861 645 920 7.
669 855 717 919 ob.

83 965 198 1030 offero:
221 965 247 1028 Ι.
271 969 300 1029 4.
327 968 386 1028 55:
409 962 518 1043 Rapta
542 960 632 1026 dabit
655 959 766 1041 primo,
791 978 864 1025 mox
888 959 1001 1024 offeret
1023 957 1094 1041 ipse
1118 957 1255 1040 roganti.

224 1071 250 1135 Ι.
275 1076 301 1136 6.
352 1076 387 1136 l:
411 1069 554 1134 Blandos
577 1067 672 1133 obers
696 1065 773 1132 mibi
797 1066 914 1132 voltus.

84 1176 220 1243 Ps·'l¹ib.
243 1176 298 1242 IV.
327 1183 353 1241 l.
380 1182 456 1242 148:
479 1173 552 1240 Tibi
576 1192 647 1240 sese
671 1173 793 1240 offeret.

173 1282 312 1349 Dativus
344 1281 446 1365 igitur
477 1280 593 1363 ubique
627 1285 678 1346 est
707 1299 873 1361 personae.
921 1279 1086 1362 Vergilius
1113 1296 1256 1345 nonnun-

85 1410 180 1472 quam
204 1390 300 1474 (Aen.
324 1389 400 1455 XII.
428 1395 507 1454 372:
536 1388 653 1470 objeoit
676 1406 748 1453 sese
771 1389 812 1453 ad
836 1406 963 1452 currum
987 1388 1067 1453 Aen.
1091 1386 1150 1452 IX.
1176 1392 1257 1451 379:

85 1496 227 1563 obiciunt
250 1495 374 1579 equites
398 1514 469 1561 sese
493 1496 533 1561 ad
558 1493 698 1561 divortia
722 1494 831 1578 nota),
865 1493 1010 1560 Catullus
1043 1493 1142 1559 semel
1165 1512 1257 1575 prae·

86 1601 275 1686 positionem
309 1603 386 1688 ‚‚ad“
417 1602 561 1669 admittit
589 1605 652 1685 (26.
680 1609 694 1667 l
720 1599 833 1667 villula
856 1606 969 1666 nostra
992 1620 1054 1667 non
1079 1602 1121 1666 ad
1144 1598 1257 1666 Austri

85 1711 183 1777 ssatus
217 1709 451 1792 oppositast.“),
491 1711 676 1790 plerumque
714 1712 822 1774 autem
846 1707 955 1775 dativo
990 1712 1125 1773 utuntur
1157 1727 1258 1790 aeque

85 1823 182 1901 atque
205 1818 359 1885 Tibullus

521 2001 550 2059 8.
574 2015 641 2076 per.
687 2002 716 2061 9.
741 2014 827 2076 prae.

89 2127 113 2185 1.
139 2118 307 2200 permitto:
333 2120 355 2183 l.
381 2127 409 2184 9.
434 2124 493 2185 25:
517 2121 592 2202 lpse
609 2120 688 2185 deus
700 2119 800 2185 tacito
814 2118 962 2201 permisit
975 2119 1130 2200 ministro,
1147 2119 1259 2183 ederet

514 2232 550 2291 ut
572 2227 680 2294 verba.

86 2334 222 2399 Paulo.
246 2333 302 2399 IV.
332 2341 355 2399 1.
382 2340 439 2399 92:
464 2334 570 2400 Tarde
594 2336 700 2417 (equo)
725 2334 912 2415 permittere
935 2334 1086 2399 habenas.

89 2448 116 2507 2.
140 2440 302 2520 persolvo:
326 2442 350 2505 Ι.
378 2447 405 2505 9.
433 2448 490 2506 13:
515 2442 589 2506 dam
614 2440 692 2506 mibi
715 2441 879 2522 persolvet
902 2459 1031 2522 poenas.

177 2546 342 2629 Vergilius
359 2549 437 2613 bueo
452 2549 554 2615 verba
570 2546 719 2613 similiter
734 2547 866 2613 adhibet
891 2549 942 2629 (ot.
960 2546 1088 2614 Dittelii
1105 2567 1179 2630 pag.
1200 2552 1259 2624 10.)

44 2676 48 2681 ¹
91 2662 117 2718 l.
141 2653 307 2733 prae-uino:
352 2655 421 2720 1.ss
470 2660 506 2721 4:
530 2653 696 2720 Praecinit
719 2661 855 2721 eventus
876 2654 1026 2720 neemihi
1044 2660 1158 2720 cantus
1177 2654 1256 2722 avis

89 2768 119 2825 2.
143 2760 306 2841 praedico:
329 2761 371 2826 Il.
396 2767 425 2828 5.
448 2768 508 2829 48:
532 2763 607 2827 Jam
631 2761 690 2828 tibi
714 2761 865 2844 praedico
888 2780 1007 2827 necem.

606 2869 743 2935 Ps-Tib.

91 2976 117 3039 1.
140 2975 196 3039 IV.
222 2983 249 3040 6.
299 2982 357 3042 15:
381 2975 598 3058 „praecipiad
622 2981 728 3055 natae,
753 2979 836 3058 quod
860 2982 958 3058 optet.

89 3089 117 3147 2.
140 3082 195 3147 IV.
223 3089 249 3146 l.
296 3088 355 3148 83:
379 3081 504 3148 Castris
528 3083 761 3167 „praeducere“
784 3083 912 3150 fossam.

90 3194 118 3252 3.
142 3189 197 3254 IV.
226 3192 249 3253 l.
277 3195 355 3256 178:
379 3188 461 3254 blibi
484 3208 548 3256 non
571 3190 598 3256 si
623 3191 860 3273 ‚,praesoribat“
884 3190 1027 3256 earmina
1050 3191 1207 3257 Phoebus

178 3298 273 3376 Apud
301 3296 461 3361 Tibullum
495 3297 624 3365 dativus
657 3297 772 3379 ubique
805 3305 856 3363 est
879 3316 1044 3379 personae,
1068 3297 1101 3363 in
1124 3297 1261 3363 Ps-ulb.

90 3402 141 3466 vel
164 3403 285 3484 legitur
308 3402 438 3468 dativus
462 3423 620 3485 personae
643 3406 711 3487 (IV.
739 3413 765 3471 l.
792 3408 867 3487 178)
900 3406 952 3472 vel
975 3405 1023 3471 rei
1051 3405 1120 3487 (IV.
1147 3407 1173 3469 l.
1197 3407 1262 3486 83),

90 3509 143 3576 ubi
167 3508 254 3575 notio
278 3508 390 3574 localis
422 3515 488 3576 est:
519 3511 655 3589 „eastris
679 3515 873 3594 praeducere
905 3513 1052 3578 fossarn.“
1097 3511 1262 3594 Vergilius

89 3623 123 3681 et
146 3615 256 3683 dativo
280 3615 384 3681 utitur
407 3623 440 3682 et
463 3617 615 3703 ablativo,
647 3638 739 3702 quem
769 3619 803 3686 in
836 3619 998 3688 nonnullis
1029 3619 1138 3687 verbis
1170 3639 1261 3702 prae-

89 3724 175 3789 ferre
197 3723 334 3802 videtur,
355 3743 384 3814 e.
407 3744 438 3807 g.
455 3724 487 3791 in
507 3727 606 3793 verbo
623 3727 842 3809 praetexendi
859 3733 892 3794 et
908 3727 1007 3793 semel
1023 3726 1261 3809 praepositione

90 3830 173 3906 ‚.in“:
197 3831 278 3896 Aen.
301 3831 360 3896 IX.
384 3838 463 3899 465:
488 3835 544 3912 „ln
568 3834 673 3900 hastis
696 3836 881 3917 praefigunt
904 3834 1039 3916 eapita.“

611 4018 659 4077 lo.
684 4033 750 4094 pro.

93 4141 119 4199 1.
143 4134 285 4216 protero:
309 4135 353 4200 ll.
383 4144 407 4201 l.
433 4142 493 4207 27:
540 4137 632 4202 Nune
660 4137 737 4204 mibi
761 4138 903 4204 lnmosos
927 4138 1070 4220 proferte
1095 4138 1261 4204 Falernos,

91 4249 120 4307 2.
143 4243 313 4323 promitto:
336 4245 379 4311 Il.
404 4252 432 4309 6.
456 4251 515 4310 49:
541 4245 601 4309 Ubi
626 4264 689 4312 nox
713 4245 870 4327 promissa
894 4244 1012 4310 mihist.

92 4356 120 4413 3.
144 4369 288 4430 prosum:
351 4351 377 4417 l.
402 4358 430 4416 3.
455 4359 514 4417 23:
538 4351 622 4435 Quid
646 4353 723 4418 mibi
746 4353 902 4434 prosunt?

334 4458 377 4524 Il.
401 4464 431 4525 4.
457 4464 518 4525 51:
541 4462 603 4525 Sed
628 4469 763 4540 prosunt
787 4460 861 4542 quid
887 4461 962 4527 mihi
988 4463 1090 4528 vera?
