2820 4920
590 333 808 392 ..154-

111 526 308 593 constructio
324 524 485 592 infinitivi.
524 524 679 589 Fortasse
699 526 778 588 haec
801 528 965 588 structura
989 544 1008 588 a
1031 529 1129 605 poeta
1153 530 1284 605 recepta

111 641 176 719 est,
209 640 246 700 ut
278 632 394 698 clarior
425 652 463 697 ao
495 631 663 697 dilucidior
694 631 787 696 fieret
816 630 929 711 dictio,
964 651 1037 696 nam
1071 631 1097 696 si
1130 631 1283 696 dixisset:

110 741 235 823 gloriae
258 746 309 806 est
333 758 469 821 prognae
493 739 552 803 deo
578 736 695 804 homini
720 737 854 802 insidias
888 739 1120 818 composuisse,
1154 739 1283 803 dubium

111 855 205 929 esset,
229 849 356 929 quinam
374 845 503 912 dativus
520 864 588 909 cnm
607 846 703 910 verbo
720 844 929 924 componendi
946 845 1067 911 auctius
1085 847 1281 912 cohaereret.

198 974 236 1037 In
261 969 593 1036 Pseudo-Tibullianis
617 969 761 1035 dativum
785 969 944 1050 duplicem
973 990 1035 1035 non
1066 970 1193 1049 inveni,
1224 972 1282 1036 sed

111 1100 168 1160 pro
188 1079 297 1144 dativo
322 1076 417 1156 finali,
441 1075 493 1157 qui
517 1082 660 1154 vocatur,
685 1081 795 1141 exstat
814 1076 1040 1142 nominativus.
1079 1080 1127 1143 Ao
1146 1078 1282 1158 primum

110 1187 235 1267 quidem
260 1184 408 1248 similiter
431 1189 527 1264 atque
552 1184 636 1264 apud
653 1182 813 1248 Tibullum
838 1183 959 1266 legitur
982 1184 1207 1264 nominativus
1230 1184 1283 1248 ubi

110 1292 288 1359 infinitivus
313 1290 447 1372 subiecti
471 1291 574 1355 locum
597 1291 696 1355 habet
719 1291 791 1372 (lll.
817 1298 846 1358 2.
872 1295 920 1372 7),
952 1292 1066 1356 deinde
1091 1292 1144 1357 ubi
1168 1311 1282 1357 nomen

109 1397 327 1480 metaphorice
352 1416 521 1478 personam
546 1396 708 1478 significat
731 1398 798 1479 (IV.
827 1404 874 1462 12.
903 1400 941 1478 1).
983 1400 1065 1463 ltem
1090 1399 1280 1479 Propertius

111 1506 240 1586 saepius
256 1524 313 1586 pro
331 1505 439 1570 dat-ivo
455 1504 544 1570 finali
563 1504 666 1568 utitur
682 1503 877 1574 nominativo
895 1503 945 1586 (ci.
960 1506 1080 1570 Hoerle
1096 1504 1116 1570 l.
1132 1507 1152 1570 l.
1169 1526 1198 1585 p.
1215 1509 1281 1587 47).

112 1615 207 1694 Apud
223 1612 403 1694 Vergilium
422 1611 557 1692 denique
577 1610 706 1677 dativus
731 1612 849 1691 duplex
874 1611 1003 1693 saepius
1027 1613 1167 1678 occurrit
1190 1632 1283 1693 quam

111 1720 241 1786 dativus
264 1738 421 1799 personae
446 1738 515 1784 cum
540 1718 736 1784 nominativo
760 1718 807 1782 rei
832 1720 1019 1801 conjunctus
1052 1719 1103 1799 (cf.
1137 1721 1284 1799 exempla

111 1826 289 1892 aDittelio
320 1826 468 1904 laudata,
501 1825 528 1915 i..
555 1845 627 1906 pag.
661 1828 724 1905 21).
770 1825 808 1889 In
840 1824 959 1889 talibus
983 1825 1084 1906 igitur
1107 1825 1285 1891 euuutiatis

110 1934 230 2016 legitur
254 1934 339 2014 apud
363 1932 542 2014 Vergilium
568 1931 707 2012 dativus
732 1930 785 2012 qui
810 1935 874 1996 est:
898 1931 1033 2011 auxilio,
1058 1933 1155 2010 cordi,
1180 1952 1285 2016 curae,

111 2040 238 2116 decori,
271 2041 370 2118 dono,
403 2038 520 2121 exitio,
549 2038 635 2121 irae,
660 2037 747 2117 odio,
772 2039 856 2119 apud
881 2038 1041 2104 Tibullum
1067 2041 1285 2105 tantummodo

110 2147 257 2230 dativuS,
290 2145 343 2228 qui
376 2152 427 2210 θεῖ
459 2164 572 2225 curae,
605 2145 752 2224 obvenit,
785 2145 816 2209 in
841 2145 1174 2211 Pseudo-Tibullianis
1206 2145 1285 2210 nihil

111 2253 264 2335 eiusmodi
290 2253 436 2319 occurrit.

199 2379 360 2444 Asside
393 2377 518 2459 origine
550 2377 653 2444 dativi
686 2378 823 2458 duplicis
856 2397 1065 2458 quaeramus,
1098 2398 1118 2442 a
1150 2377 1286 2459 simplici

110 2485 240 2552 videtur
265 2492 354 2550 ortus
379 2485 512 2564 parique
537 2485 629 2549 modo
655 2504 724 2549 cum
745 2505 780 2550 re
800 2485 989 2566 praedicata
1008 2486 1195 2568 conjunctus
1215 2504 1286 2551 esse

111 2591 240 2657 dativus
264 2597 408 2672 uterque,
455 2588 632 2655 Observari
657 2597 765 2655 autem
788 2597 913 2673 potest,
946 2591 1075 2657 nomina
1109 2591 1211 2658 dativi
1239 2592 1287 2658 rei

111 2700 295 2780 plerumque
319 2696 439 2779 aliquid
463 2696 663 2781 significare,
697 2699 779 2779 quod
809 2699 861 2764 vel
885 2698 918 2763 in
942 2717 1080 2779 persona
1105 2706 1155 2763 θεῖ
1178 2700 1230 2766 vel
1255 2699 1287 2763 iu

111 2828 149 2873 ea
174 2805 385 2886 conspicitur,
418 2804 464 2868 ita
497 2809 549 2883 ut,
582 2805 664 2886 quod
688 2804 815 2871 nomine
840 2824 996 2886 personae
1020 2825 1133 2887 parum
1158 2806 1287 2871 definite

110 2915 324 2997 praedicatur,
348 2912 458 2979 addito
483 2912 609 2977 nomine
633 2913 680 2978 rei
697 2912 892 2994 specialiter,
918 2911 946 2976 si
962 2911 1038 2978 licet
1054 2911 1170 2994 dicere,
1195 2933 1287 2994 prae·

110 3023 242 3086 dicetur.
289 3021 360 3102 Qua
384 3021 423 3085 de
447 3039 560 3103 causa,
592 3026 628 3084 ut
658 3020 803 3102 videtur,
837 3019 948 3101 lingua
983 3019 1085 3085 latina
1116 3020 1163 3084 eis
1196 3040 1287 3102 prae-

110 3128 202 3208 cipue
226 3127 406 3192 nominibus
429 3126 546 3206 utitur,
584 3147 665 3208 quae
697 3127 832 3193 affectus
866 3125 964 3192 animi
996 3127 1048 3192 vel
1072 3126 1287 3208 cogitationes

110 3233 304 3317 significant,
336 3233 369 3298 io
400 3236 482 3315 quod
515 3234 638 3300 monuit
666 3234 843 3300 Nielbnder
865 3233 897 3299 in
922 3232 1095 3299 utilissima
1121 3253 1286 3317 program-

110 3340 206 3406 matis
240 3340 524 3407 Krotoschinensis
559 3341 807 3421 dissertatione,
843 3360 924 3423 quae
959 3339 1163 3407 inscribitur:
1201 3344 1287 3426 „Der

110 3447 256 3514 factitive
281 3447 420 3514 Dativus
453 3447 485 3512 in
517 3448 578 3512 den
611 3447 912 3514 Ciceronianischen
937 3447 1098 3514 Schriften
1133 3451 1219 3532 (pag.
1246 3453 1287 3531 7).

110 3555 203 3620 Talia
235 3554 317 3620 euim
351 3553 536 3637 significant
568 3554 707 3635 aliquid,
743 3556 826 3636 quod
858 3561 909 3620 est
939 3555 970 3619 in
1003 3553 1110 3636 aliqua
1141 3575 1288 3636 persona.

110 3661 148 3726 Id
172 3669 295 3746 autem,
327 3664 409 3744 quod
441 3661 662 3743 praedicatur,
695 3660 765 3743 pari
798 3663 889 3727 modo
923 3661 1050 3744 utrique
1083 3663 1203 3728 nomini
1234 3683 1289 3745 ap·

110 3767 240 3848 ponitur
272 3774 305 3834 et
337 3769 428 3850 quasi
459 3769 615 3846 iteratur,
647 3788 707 3835 nec
737 3774 845 3834 lamen
877 3769 1010 3835 effect-us
1041 3769 1221 3850 praedicati
1252 3771 1287 3837 in

111 3873 257 3940 diversas
280 3881 392 3956 partes
417 3877 585 3958 dirigitur,
609 3877 666 3942 sed
690 3878 731 3942 ad
756 3895 871 3958 unam,
895 3876 1019 3942 scilicet
1042 3877 1083 3941 ad
1107 3895 1286 3956 personam.

110 3981 148 4045 Iu
173 3982 340 4047 enuntiato
364 3982 480 4064 igitur:
509 4002 562 4048 res
586 3983 694 4065 aliqua
718 3983 794 4048 mihi
812 3991 862 4049 θεῖ
879 4003 985 4066 curae,
1009 3982 1145 4063 primum
1161 3982 1288 4064 quidem

110 4087 160 4170 id,
183 4089 265 4168 quod
289 4089 511 4172 praedicatur,
544 4090 686 4170 pertinet
717 4091 758 4156 ad
782 4110 952 4173 personam
977 4090 1079 4172 (mihi)
1103 4110 1141 4155 ac
1165 4090 1288 4178 deinde,

110 4194 230 4258 iterata
253 4195 344 4275 quasi
367 4216 402 4261 re
425 4196 631 4281 praedicata,
664 4199 850 4280 specialiter
874 4200 914 4264 ad
938 4217 1005 4264 rem
1030 4204 1173 4280 spectat,
1207 4217 1287 4279 quae

110 4307 161 4364 est
185 4298 217 4364 in
242 4302 353 4366 eadem
376 4321 523 4383 persona.
563 4303 731 4369 Sententia
754 4305 855 4387 igitur
872 4307 951 4371 haec
976 4311 1044 4372 est:
1068 4305 1169 4387 „Eine
1186 4304 1288 4369 Sache

109 4407 153 4472 ist
187 4405 239 4472 fiir
273 4407 356 4474 mich
391 4410 433 4474 da
467 4410 530 4475 und
567 4430 656 4476 zwar
687 4410 732 4475 ist
763 4412 810 4477 sie
841 4413 884 4477 da
914 4412 966 4477 fiir
999 4411 1128 4492 (maine)
1160 4411 1289 4492 Surge.“

110 4513 228 4578 Similis
260 4522 311 4581 est
342 4523 506 4582 structura
541 4517 632 4580 verbi
668 4518 868 4598 supponendi
900 4517 933 4582 iu
968 4518 994 4582 Ι.
1025 4524 1058 4580 8.
1092 4523 1159 4578 aaz
1193 4515 1301 4591 ,kln'xc
