2820 4920
479 196 482 201 ’
587 231 823 322 -41-7

114 425 311 509 Vergilianis
343 426 494 508 leguntur
525 427 643 507 (asper,
682 421 836 504 conscius
877 419 992 500 facilis
1031 419 1122 502 fidus,
1159 423 1282 500 gratus,

113 538 217 615 notus
243 532 365 612 obvius,
388 536 501 612 sacer.)

202 675 265 741 Sed
291 675 358 758 Jam
389 682 591 740 transeamus
622 675 663 739 ad
697 671 984 747 dissimilitudines,
1015 690 1096 752 quae
1124 668 1209 734 inter
1232 667 1284 732 Ti-

114 782 233 847 bullum
264 789 298 847 et
321 781 501 862 Vergilium
530 781 743 864 intercedunt,
774 797 903 860 paucas
949 779 1057 859 Atque
1089 775 1190 858 primo
1214 776 1283 841 loco

115 888 282 955 observari
306 894 421 972 potest,
449 888 609 953 Tibullum
642 911 662 952 a
686 885 823 968 Vergilii
853 903 912 950 usu
941 885 1093 951 recedere
1124 902 1171 963 eo,
1202 881 1285 964 quod

115 995 167 1060 hic
198 996 252 1061 illo
285 997 383 1061 multo
415 995 518 1077 magis
548 995 638 1060 favet
669 997 779 1060 dativo
812 991 939 1074 duplici.
994 991 1090 1072 Apud
1124 989 1286 1055 Tibullum

115 1102 198 1167 enim
230 1102 359 1169 dativus
382 1102 501 1183 duplex
533 1101 594 1166 nisi
627 1102 723 1183 verbi,
755 1101 837 1181 quod
870 1104 921 1164 est
944 1118 1037 1182 curu,
1071 1097 1198 1164 omuino
1222 1114 1285 1160 non

116 1209 284 1292 reperitur,
317 1210 509 1290 poniturque
541 1228 596 1289 pro
621 1208 731 1274 dativo
762 1205 851 1272 finali
874 1204 1091 1271 nominativus
1114 1204 1171 1284 rei,
1194 1221 1286 1283 prae·

117 1315 227 1380 sertim
261 1314 316 1380 ubi
346 1316 523 1398 subjectum
551 1323 602 1380 est
624 1314 811 1380 infinitivus.
857 1314 1034 1379 Praeterea
1058 1312 1189 1378 verbum
1214 1309 1287 1374 sub-

117 1423 293 1489 stantivum
317 1441 386 1488 oum
411 1421 520 1488 dativo
552 1423 670 1502 duplici
703 1420 908 1504 conjungitur
938 1437 1040 1484 uuum¹
1089 1418 1185 1499 Apud
1209 1416 1287 1481 Ver·

116 1527 228 1610 gilium
260 1534 373 1595 contra
405 1515 534 1610 praeter
566 1530 699 1595 verbum
736 1527 974 1594 substantivum
1019 1526 1084 1592 alia
1116 1528 1288 1591 occurrunt

118 1634 279 1716 multoque
311 1635 439 1716 saepius
471 1634 601 1702 dativus
633 1635 752 1716 duplex
785 1644 836 1700 est
866 1654 960 1716 quam
984 1632 1201 1701 nominativus
1231 1630 1287 1695 rei.

117 1744 154 1809 ln
180 1742 333 1824 simplicis
356 1762 479 1824 quoque
496 1743 599 1808 dativi
623 1762 680 1807 usu
697 1742 843 1807 Tibullus
866 1742 1048 1826 aVergilio
1072 1741 1176 1822 aliquo
1196 1739 1287 1803 modo

117 1851 248 1917 recedit.
297 1850 511 1916 Inveniuntur
542 1849 625 1914 enim
658 1851 745 1930 apud
776 1849 935 1915 Tibullum
968 1851 1154 1931 plerumque
1186 1832 1289 1933 dativi

117 1957 314 2039 pronominis
338 1957 460 2037 primae
484 1963 518 2020 et
540 1957 700 2022 secundae
725 1975 881 2037 personae
905 1966 938 2022 et
961 1975 1094 2038 perraro
1114 1953 1201 2019 aliud
1218 1972 1290 2033 pro·

118 2084 230 2130 nomeu
256 2063 307 2130 vel
332 2063 568 2130 substantivum
587 2063 692 2129 locum
711 2064 817 2142 habet,
842 2064 1006 2147 Vergilius
1022 2070 1128 2128 autem
1145 2059 1288 2126 dativum

118 2170 393 2237 substantivorum
427 2190 489 2235 non
521 2180 585 2235 tarn
618 2170 714 2235 auxie
746 2170 858 2236 evitat.
906 2173 1050 2252 Denique
1083 2168 1137 2235 ubi
1160 2154 1290 2234 dativus

118 2299 175 2359 pro
213 2277 365 2359 genetivo
404 2283 522 2362 exstat,
561 2277 707 2343 Tibullus
745 2297 904 2360 nunquam
939 2278 1059 2358 formis
1097 2297 1179 2359 quae
1215 2282 1290 2341 sunt
1366 2294 1369 2301 ’

117 2388 245 2469 „hujus“
277 2387 330 2452 vel
362 2386 489 2468 ‚,cujus“
519 2385 630 2464 utitur,
662 2385 825 2466 Vergilius
858 2395 971 2451 contra
1002 2387 1187 2468 genetivum
1220 2403 1290 2465 pro·

118 2493 254 2557 nominis
278 2492 407 2557 relativi
432 2510 656 2573 nonnunquam
679 2491 831 2559 admittit.

207 2635 352 2701 Secundo
388 2635 457 2701 loco
495 2655 610 2717 ponam
642 2634 929 2716 dissimilitudines,
969 2656 1050 2718 quae
1087 2636 1292 2701 intercedunt

119 2744 204 2809 iuter
235 2743 354 2807 Tibulli
385 2752 418 2807 et
449 2742 586 2825 Vergilii
623 2763 714 2808 usum
753 2743 855 2809 dativi
892 2743 1106 2810 substantivis
1133 2729 1291 2823 appositi.

118 2851 213 2932 Apud
238 2849 397 2915 Tibullum
422 2849 505 2915 enim
529 2850 581 2915 hic
609 2849 738 2916 dativus
771 2852 868 2916 semel
900 2851 1071 2935 reperitur,
1104 2851 1189 2932 apud
1214 2849 1291 2914 Ver-

118 2959 230 3040 gilium
254 2959 353 3024 multo
376 2957 515 3039 saepius.

208 3101 352 3182 Denique
376 3120 416 3166 ne
440 3119 517 3166 usus
549 3100 674 3182 uiridem
704 3100 805 3167 dativi
830 3120 850 3166 a
874 3101 1014 3182 passivis
1037 3099 1148 3165 formis
1173 3101 1292 3179 depen-

119 3207 225 3273 dentis
258 3207 341 3273 idem
373 3214 431 3274 est.
487 3208 633 3274 Tibullus
666 3208 749 3274 enim
782 3210 866 3274 hunc
897 3209 1041 3275 dativum
1073 3207 1291 3274 tantummodo

120 3314 286 3397 conjungit
302 3335 372 3380 oum
394 3316 505 3393 torma,
529 3335 610 3396 quae
632 3321 683 3381 est
699 3314 837 3395 „videri‘
859 3321 892 3382 et
912 3335 981 3382 oum
1006 3321 1088 3397 part.
1112 3314 1170 3380 lut.
1193 3332 1293 3395 pass.;

118 3420 284 3503 Vergilius
308 3426 421 3486 contra
451 3423 503 3487 vel
536 3429 619 3503 part.
651 3422 708 3488 fut.
740 3441 824 3504 pass.
856 3423 908 3488 vel
931 3422 1011 3504 pert.
1036 3440 1120 3504 pass.
1143 3422 1196 3489 vel
1220 3419 1293 3487 aliis

120 3530 316 3614 temporibus
340 3549 425 3612 pass
449 3530 560 3597 utitur.

271 3745 417 3812 Tibullus
441 3751 474 3811 et
498 3746 708 3812 Pseudo-Tib.
732 3746 818 3813 inter
840 3764 876 3813 se
900 3752 1137 3828 comparantur.

208 3888 449 3973 Similitudines
480 3908 561 3970 quae
593 3889 678 3954 inter
702 3889 864 3956 Tibullum
896 3896 929 3956 et
952 3891 1162 3956 Pseudo-Tib.
1195 3890 1293 3957 inter·

121 3996 246 4077 cedunt,
271 3997 366 4080 louge
383 3996 541 4062 maximae
565 4002 648 4061 sunt.
696 3999 744 4062 Ac
763 3997 899 4078 primum
916 3997 1050 4079 quidem,
1074 3999 1157 4079 quod
1175 3999 1294 4065 attinet

120 4103 161 4168 ad
185 4121 275 4168 usum
300 4103 403 4171 dativi
422 4102 576 4186 simplicis
600 4123 620 4169 a
637 4105 734 4170 verbo
751 4105 953 4171 substantivo
969 4105 1189 4190 dependentis,
1213 4105 1294 4171 nibil

119 4209 188 4274 lere
212 4209 406 4276 discriminis
430 4217 488 4295 est,
512 4209 574 4276 nisi
599 4211 682 4292 quod
704 4210 738 4277 in
763 4211 975 4278 Pseudo-Tib.
997 4210 1110 4297 torma
1138 4231 1219 4294 quae
1243 4217 1294 4278 est

118 4315 242 4397 ‚,illius“
275 4317 465 4397 admittitur,
498 4317 552 4384 ubi
584 4318 771 4401 plerumque
803 4322 837 4383 et
876 4320 963 4399 apud
994 4319 1155 4385 Tibullum
1193 4325 1226 4384 et
1260 4318 1293 4384 in

119 4424 333 4491 Pseudo-Tib.
358 4425 487 4491 dativus
511 4445 568 4506 pro
593 4426 746 4507 genetivo
769 4430 900 4492 exstare
924 4427 1014 4493 solet.
