2820 4920
533 278 753 338 ...23-

546 476 595 535 17.
619 467 736 535 servio.

73 585 99 647 Ι.
124 589 152 648 2.
176 588 227 646 97.
273 579 406 659 Semper
429 577 488 642 tibi
512 576 622 643 dedita
646 574 749 640 seruit
773 593 872 640 mens,

55 691 98 755 11.
124 695 152 753 3.
177 694 227 753 30.
275 685 393 751 Veneri
417 684 550 751 seruire.
656 751 659 756 ,

56 796 192 861 Ps-'Pio
217 795 273 859 IV.
299 799 327 857 5.
354 799 403 858 13.
449 791 580 857 Serviat
603 797 738 872 uterque
763 788 831 856 tibi.

217 902 273 966 IV.
299 908 326 964 6.
356 907 402 964 10.
452 899 581 965 Puellae
605 896 738 964 servire.

146 1011 192 1074 Et
222 1009 253 1072 in
282 1006 536 1072 'i'ibuiiianiset
568 1005 600 1068 in
632 1005 769 1070 Peru.
801 1004 917 1086 ubique
948 1004 1069 1086 legitur
1101 1005 1231 1071 dativus

58 1135 224 1196 personae.

535 1225 584 1284 18.
609 1218 763 1300 supplico.

150 1331 220 1393 Hoo
251 1329 382 1392 verbum
425 1347 488 1392 uno
521 1328 589 1392 loeo
622 1326 761 1391 occurrit
794 1332 828 1392 et
859 1325 986 1407 quidem
1019 1345 1088 1390 oum
1123 1326 1232 1392 dativo

60 1455 217 1517 personae
235 1435 445 1516 conjunctum,
468 1433 619 1500 videlieet
634 1434 666 1498 in
684 1435 709 1498 1.
728 1441 754 1499 7.
772 1440 823 1499 26.
847 1432 1015 1513 Supplieat
1032 1434 1133 1499 herba
1148 1433 1234 1499 Jovi.
1288 1414 1294 1427 ’
1341 1476 1368 1495 -.

563 1544 610 1608 19.
636 1541 734 1622 ploro.

80 1648 104 1713 Ι.
129 1655 157 1714 5.
187 1654 254 1713 103.
301 1650 380 1714 Narn
406 1648 491 1713 ferus
516 1648 569 1713 ille
594 1667 671 1713 suae
697 1648 836 1729 plorabit
859 1647 984 1713 sobrius
1008 1645 1100 1713 idern.

81 1757 103 1820 1.
129 1763 157 1821 6.
203 1762 255 1821 42.
302 1756 412 1821 Ploret
436 1761 473 1820 ut
496 1756 552 1820 illa
576 1756 684 1820 semei.

151 1863 221 1927 Hoc
244 1864 376 1929 verbum
401 1862 430 1925 in
457 1862 507 1925 his
532 1862 623 1925 inodo
647 1861 725 1925 loeis
749 1861 890 1925 ooeurrit
905 1862 1028 1927 dnobus
1052 1867 1086 1928 et
1109 1861 1234 1944 quidem

61 1970 161 2035 semel
200 1969 346 2033 absolute
380 1967 434 2048 (11.
472 1973 500 2030 6.
536 1969 591 2042 42)
626 1987 664 2031 ao
698 1968 797 2032 senrel
832 1987 900 2032 curn
936 1967 1046 2035 dativo
1080 1987 1236 2050 personae

62 2078 117 2157 (Ii.
143 2084 171 2139 5.
199 2076 280 2152 103).
327 2073 447 2139 Contra
471 2073 502 2138 in
527 2076 690 2140 vernuli.
716 2082 744 2140 6.
770 2082 820 2141 33.
845 2077 976 2142 verbnm
997 2075 1150 2157 querendi
1166 2095 1237 2141 enni

62 1651 77 1714 Ι

62 1758 75 1821 I

63 2181 310 2264 praepositione,
335 2200 416 2262 quae
440 2188 491 2246 est
514 2201 593 2260 eruin,
618 2181 825 2263 construitur,
850 2185 1004 2264 utromodo
1035 2184 1119 2248 solet
1147 2202 1237 2248 nsnr·
1345 2245 1350 2255 ,

64 2278 134 2371 pani
167 2289 299 2355 verbnnr
331 2287 592 2365 communicandi.
626 2288 778 2355 videlicet
811 2296 846 2355 nt
879 2290 1055 2356 communio
1087 2289 1236 2370 loquendi

64 2402 203 2461 notetur.
249 2393 420 2460 Dissenins
445 2415 507 2461 non
531 2401 619 2460 reete
643 2395 772 2462 videtur
801 2396 944 2462 dativum
973 2414 1043 2460 eum
1067 2395 1237 2480 adjectivo,

65 2503 148 2582 quod
172 2510 223 2565 est
249 2502 385 2584 „fe1·uS,“
412 2502 615 2585 conjungere.
663 2502 831 2567 Sententia
855 2502 937 2567 enirn
963 2503 1043 2567 haee
1066 2508 1132 2568 est:
1156 2504 1237 2567 Nam

66 2610 154 2673 ferus
178 2607 241 2687 ille,
265 2608 318 2688 qni
341 2615 435 2688 potus
460 2609 631 2674 maledieta
655 2609 776 2690 ingerit
797 2609 931 2690 pneiiae,
955 2608 1082 2674 sobrius
1097 2609 1239 2690 plorabit

67 2734 144 2780 suae
176 2734 214 2780 ae
244 2733 279 2779 se
313 2721 418 2780 niente
451 2717 536 2782 inula
566 2716 666 2782 inisse
695 2716 827 2799 jurabit.
885 2715 1099 2796 Opponuntur
1138 2716 1239 2798 igitur

65 2822 172 2902 „ferus
188 2821 242 2886 ille
259 2826 372 2902 potus“
391 2831 425 2890 et
444 2824 616 2907 ‚,sobrinS,“
635 2822 827 2907 ,pnaledieta
845 2822 983 2904 ingerio‘
1001 2829 1034 2888 et
1050 2823 1237 2906 „ploratur

183 3117 274 3229 111.
348 3118 418 3231 De
454 3119 788 3235 intransitivie
826 3119 1121 3256 oonrpositis

157 3369 327 3435 Disserere
360 3371 457 3435 liceat
489 3373 529 3437 de
557 3372 608 3437 his
636 3373 745 3437 verbis
778 3373 949 3437 seeundum
981 3374 1125 3439 ordinent
1149 3393 1241 3454 prae.

68 3476 269 3558 positionum,
294 3476 408 3558 quibus
432 3478 609 3558 composita
633 3485 716 3544 sunt.

413 3720 416 3724 Δ
452 3696 487 3755 e.
513 3671 604 3755 Loci
632 3671 856 3757 Tibuliinni.

571 3824 598 3882 l.
621 3818 743 3882 adsum.

88 3921 113 3985 Ι.
141 3927 167 3985 l.
193 3926 242 3986 37.
290 3920 423 4005 Α131113,
448 3922 523 3988 divi.

87 4027 112 4091 I.
139 4033 167 4092 3.
191 4035 242 4094 90.
288 4028 351 4094 Sed
375 4027 488 4095 videar
511 4030 601 4095 eaelo
624 4029 741 4095 missus
765 4031 879 4096 adesse
904 4029 979 4096 tibi:

88 4133 114 4197 I.
137 4140 166 4198 4.
195 4142 242 4199 13.
288 4135 373 4217 Quia
395 4135 488 4202 fortis
511 4136 606 4201 adest
629 4136 771 4202 audacia.
843 4192 846 4197 .

89 4238 113 4302 1.
140 4244 167 4302 5.
191 4246 243 4304 47.
289 4241 381 4322 erod
405 4244 500 4308 adest
523 4242 597 4308 hnic
621 4243 712 4311 dives
736 4250 870 4310 amator.

88 4345 112 4409 Ι.
139 4350 166 4410 7.
189 4350 242 4411 49.
288 4348 361 4413 Huc
384 4350 471 4415 ades

70 4451 112 4515 H.
140 4459 166 4518 l.
217 4461 242 4520 1.
290 4453 441 4537 Quisquis
465 4457 566 4534 adest,
591 4457 708 4522 faveat.
