2820 4920
204 1302 254 1366 De
282 1299 467 1380 carminum,
495 1317 576 1380 quae
599 1292 663 1363 ⁴sub
692 1297 811 1363 Tibulli
844 1298 970 1364 nomine
999 1300 1181 1383 traduntur,
1215 1321 1287 1367 auc-

117 1407 240 1474 toribus
267 1425 386 1488 magna
412 1405 474 1471 fuit
500 1406 587 1471 inter
615 1404 703 1472 viros
732 1406 844 1470 doctos
873 1404 1030 1472 dissensio
1058 1411 1155 1489 atque
1190 1409 1288 1475 etiam

116 1534 202 1580 nunc
232 1519 290 1579 est.
336 1512 469 1595 Elegiae
501 1512 629 1595 quidem
657 1511 752 1594 primi
783 1517 817 1577 et
844 1512 977 1578 secundi
1010 1513 1085 1579 libri
1113 1534 1133 1580 a
1161 1516 1287 1582 Tibullo

117 1621 307 1703 compositas
337 1639 417 1704 esse,
447 1639 538 1686 nemo
566 1625 626 1701 est,
656 1619 710 1702 qui
739 1625 845 1702 neget,
875 1620 1006 1686 tertium
1035 1627 1142 1689 autem
1171 1622 1288 1689 librum

115 1749 177 1795 non
196 1747 269 1794 esse
286 1727 511 1808 Tibullianum,
530 1728 571 1793 ab
591 1727 736 1793 omnibus
755 1727 824 1794 fere
844 1727 1038 1812 conceditur,
1063 1728 1157 1795 immo
1176 1735 1289 1795 auctor

115 1838 226 1902 borum
254 1835 429 1903 carminum
459 1835 645 1918 Lygdamus
673 1834 800 1916 quidam
834 1839 929 1914 poeta
958 1835 1105 1902 babetur.
1156 1836 1219 1903 Sed
1248 1839 1287 1904 de

113 1943 188 2011 libri
211 1942 318 2025 quarti
343 1941 519 2024 elegiarum
541 1941 726 2021 auctoribus
749 1940 844 2007 etiam
870 1961 954 2008 nunc
973 1942 1126 2025 judicium
1150 1945 1287 2011 maxime

91 2084 96 2091 ·
116 2056 167 2115 est
182 2049 374 2132 ambiguum.
406 2033 456 2114 Ac
469 2048 604 2130 primum
621 2049 755 2133 quidem,
775 2051 858 2131 quod
874 2049 994 2115 attinet
1009 2051 1051 2116 ad
1068 2051 1287 2134 Panegyrium

10 2179 12 2183 ·
114 2157 146 2222 in
169 2156 364 2237 Messallam,
389 2162 473 2241 sunt,
496 2156 551 2238 qni
568 2157 694 2221 Tibullo
718 2159 882 2226 ascribant
905 2157 938 2225 iu
962 2159 1012 2222 his
1038 2159 1087 2223 W.
1105 2159 1228 2224 Teuilel
1254 2159 1286 2223 in

112 2264 203 2344 libro,
231 2262 285 2347 qui
313 2263 501 2329 inscribitur
524 2263 695 2330 Rbmiscbe
721 2264 782 2330 Lit.
811 2264 928 2330 Gesch.
960 2283 1033 2346 pag.
1064 2270 1188 2350 {ild-3
1224 2265 1288 2346 alii,

113 2377 147 2436 et
170 2376 207 2436 ut
229 2354 313 2436 mibi
330 2371 455 2454 quidem
479 2371 617 2451 videtur,
651 2371 855 2453 gravioribus
887 2371 993 2438 causis
1027 2393 1046 2437 a
1076 2371 1203 2439 Tibullo
1235 2375 1289 2439 ab·

111 2470 265 2560 jndicant,
284 2477 318 2544 in
336 2497 397 2560 quo
416 2498 547 2544 numero
567 2484 618 2544 est
633 2479 803 2544 Dissenius
823 2484 857 2544 et
873 2480 1062 2560 Bernlrardi,
1088 2479 1141 2562 qui
1160 2500 1287 2546 carmen

113 2583 314 2651 adolescenti
336 2584 462 2650 cuidam
485 2592 600 2667 poetae
629 2584 780 2651 ascribit..
827 2585 865 2665 ci,
898 2585 1075 2652 Grundriss
1108 2588 1166 2652 der
1198 2589 1289 2654 Rom.

115 2691 180 2757 Lit.
202 2695 222 2772 ξ
246 2697 286 2758 95
311 2710 384 2774 pag.
409 2697 482 2758 615.
528 2693 711 2774 Sequuntur
735 2712 863 2758 carmen
886 2693 1122 2775 Panegyricum
1147 2694 1288 2776 elegidia

115 2799 266 2865 nonnulla
284 2799 353 2883 (IV,
373 2802 504 2880 s-l4‚)
523 2819 605 2882 quae
624 2800 854 2866 alii-nomino
874 2799 1289 2866 Dissenium-Tibulliana

113 2912 247 2989 putant5
271 2907 328 2974 alii
351 2907 495 2975 carmina
522 2909 577 2988 IV,
602 2914 687 2973 2-7
721 2909 847 2975 Tibullo
880 2908 1054 2992 ascribunt,
1086 2914 1199 2974 contra
1231 2907 1287 2987 IV,
1325 2969 1327 2973 .

115 3021 223 3080 8-12
246 3014 407 3097 Sulpiciae
430 3016 574 3098 (Teuffel,
598 3015 754 3100 Gruppe),
783 3015 916 3081 alii-in
945 3016 995 3081 his
1026 3014 1287 3080 Baehrensius-

116 3120 149 3186 in
181 3140 221 3187 ea
251 3127 328 3188 sunt
357 3123 527 3205 sententia,
561 3128 605 3203 ut,
629 3123 778 3204 quoniam
802 3123 946 3188 Tibullus
978 3141 1118 3187 amorem
1152 3121 1287 3187 aliorum

114 3248 178 3294 non
201 3229 249 3294 ita
271 3228 379 3296 vivide
403 3229 578 3312 depingere
601 3228 752 3310 potuerit,
777 3229 917 3312 elegidia
941 3248 1003 3295 non
1027 3247 1047 3293 a
1071 3227 1207 3311 Tibullo,
1230 3229 1287 3292 sed

113 3322 255 3399 apoeta
277 3318 399 3400 optima
429 3319 535 3385 indole
559 3320 707 3400 praedito
740 3319 916 3400 composita
947 3337 1019 3383 esse
1051 3324 1214 3400 censeant,
1247 3318 1287 3382 de

114 3425 203 3508 cnjus
226 3442 366 3507 persona
388 3431 476 3491 certo
508 3424 678 3508 dijudicari
701 3445 767 3490 non
797 3424 915 3506 possit;
940 3443 1036 3490 unum
1069 3441 1140 3489 esse
1172 3442 1287 3490 revera

114 3529 330 3598 Tibullianum
354 3531 478 3598 scilicet
500 3532 556 3598 IV.
583 3538 633 3597 13.
679 3530 769 3614 Quae
794 3551 864 3597 cum
895 3531 943 3597 ita
966 3530 1042 3613 sint,
1074 3550 1145 3596 cum
1169 3531 1201 3595 in
1226 3531 1287 3596 bac

115 3637 343 3715 dissertatione
375 3639 588 3721 grammatica
619 3657 711 3704 usum
743 3657 859 3706 revera
892 3638 1108 3704 Tibullianum
1142 3641 1286 3702 statuere

114 3739 240 3826 vellem,
268 3764 308 3812 ea
330 3747 550 3813 tantummodo
575 3745 718 3811 carmina
746 3745 894 3827 accipere
923 3744 1001 3810 mihi
1028 3743 1131 3812 visum
1160 3748 1212 3808 est
1234 3743 1286 3809 Ti-

112 3851 265 3932 bulliana,
298 3872 430 3935 quorum
461 3858 574 3918 auctor
606 3852 675 3918 sine
712 3854 779 3918 ulla
817 3852 1017 3918 dubitatione
1049 3851 1194 3916 Tibullus
1226 3857 1286 3934 est,

77 4026 81 4031 .
115 3958 237 4026 scilicet
259 3958 402 4027 carmina
425 3959 499 4025 libri
528 3961 544 4023 Ι
574 3965 608 4024 et
635 3960 670 4025 Il
698 3966 731 4024 et
759 3979 888 4025 carmen
912 3960 968 4024 IV.
996 3964 1049 4038 133
1082 3956 1206 4039 reliqua
1229 3976 1285 4038 pu-

115 4065 182 4134 tavi
205 4067 405 4150 sejungenda
428 4086 499 4132 esse
522 4066 856 4132 Pseudo-Tibulliana.
