2820 4920
590 293 937 353 ..19...

115 485 218 568 polati
241 487 398 566 ‚,eedam“‚
421 485 504 567 quod
528 483 744 565 recipiendum
769 484 852 568 est);
876 502 945 548 cum
970 482 1155 549 accusativo
1180 486 1287 547 autem

116 594 171 659 lV.
199 599 246 659 13.
273 601 329 659 17:
361 594 453 676 „blec
476 592 623 673 pignora
654 592 750 656 cedd‘
781 593 811 657 h.
843 611 870 656 e.
903 609 992 669 „mea
1015 589 1152 672 pignora
1175 589 1314 685 trado“¹

116 701 201 781 apud
239 700 407 766 Tibullum.
466 700 561 780 Apud
601 697 777 780 Vergilium
817 705 851 763 et
888 697 1085 762 construitur
1123 697 1287 761 absolute:

115 815 196 872 Aen.
220 808 261 872 Il.
287 814 365 883 804,
389 812 424 871 et
446 826 515 871 cum
540 805 648 872 dativo
672 807 752 870 Aen.
777 806 836 870 Ill.
862 812 941 870 297:
965 803 1121 888 „cessisse
1145 802 1287 886 marit0“‚

112 921 148 982 ‚et
173 933 242 979 cum
267 912 409 980 ablativo
433 915 513 979 Aen.
536 912 596 978 IX.
621 919 701 978 220:
733 914 835 992 „Lom
867 911 1030 977 sententia
1053 910 1173 990 cedit“‚
1205 929 1287 991 quae

115 1021 253 1087 formula
270 1029 320 1087 est
335 1020 484 1088 militaris
502 1026 532 1086 et
549 1020 755 1102 gladiatoria.
793 1020 839 1085 of.
857 1017 1027 1100 Forbigeri
1046 1016 1286 1083 adnotationem

116 1129 158 1192 ad
181 1129 264 1193 hunc
287 1128 397 1194 locum.

628 1241 655 1299 3.
680 1240 778 1301 certo.

205 1362 300 1440 Apud
325 1360 484 1425 Tibullum
510 1380 580 1425 cum
604 1359 713 1426 dativo
738 1361 939 1442 conjunctum
965 1379 1025 1423 non
1051 1357 1198 1439 repperi,
1232 1358 1288 1422 sed

116 1486 186 1531 cum
221 1467 395 1533 infinitivo:
435 1468 477 1532 ll.
518 1475 545 1532 3.
585 1475 644 1532 57:
685 1467 756 1546 „llli
794 1468 931 1532 selectos
970 1471 1097 1530 certent
1132 1466 1288 1545 praebere

117 1574 238 1638 colores
262 1573 374 1640 Africa
399 1574 565 1655 puniceum
590 1563 845 1655 purpureumque
869 1575 1000 1655 Tyros‘⁴

205 1701 242 1762 Iu
267 1699 403 1765 Ps-Tib.
428 1706 533 1766 autem
559 1702 689 1767 verbum
720 1692 864 1780 sequitur
895 1698 1041 1764 dativus:
1073 1698 1128 1762 IV.
1156 1705 1181 1762 l.
1209 1703 1288 1761 120:

115 1804 213 1887 „Quis
248 1807 485 1888 Amythaonius
531 1815 669 1888 nequeat
716 1812 842 1872 certare
881 1807 1086 1886 Melampus,“
1145 1806 1288 1884 Itemque

115 1914 199 1993 apud
238 1913 416 1994 Vergilium
457 1915 604 1994 exempla
644 1916 735 1996 liujus
775 1931 865 2001 ususn
893 1919 1063 1977 occurrunt
1109 1913 1288 1992 complura:

116 2019 185 2084 Ecl.
220 2020 257 2083 V.
293 2025 329 2084 8:
368 2021 478 2101 „Solus
517 2021 577 2084 tibi
616 2026 721 2085 certat
755 2022 941 2102 Amyntas“
999 2020 1066 2084 Eoi.
1102 2019 1193 2083 VIII.
1234 2024 1288 2083 55:

117 2127 269 2204 „Certent
300 2130 333 2190 et
365 2127 474 2208 cycnis
509 2127 643 2192 ululae.“
688 2129 776 2193 Idem
810 2133 861 2192 est
893 2146 969 2192 usus
1002 2126 1093 2194 verbi
1123 2124 1287 2206 pugnandi
1360 2143 1363 2149 ’

116 2232 148 2296 in
172 2233 252 2298 Aen.
276 2233 332 2297 IV.
358 2240 416 2299 38:
449 2234 632 2314 „Placitone
667 2234 826 2316 pugnabis
856 2233 984 2299 amori.“
1030 2231 1214 2298 Verisimile
1238 2238 1290 2297 est

117 2341 200 2405 hunc
234 2360 326 2405 usum
358 2340 461 2408 dativi
492 2330 658 2406 exstitisse
691 2343 733 2407 ad
764 2341 946 2424 analogiam
980 2340 1110 2422 linguae
1141 2359 1288 2422 graecae.

117 2448 162 2513 of.
186 2447 354 2529 Forbigeri
379 2448 619 2514 adnotationem
643 2451 684 2515 ad
708 2449 776 2515 Eoi.
801 2451 838 2514 V.
863 2455 891 2514 8.

621 2598 650 2657 4.
682 2593 785 2657 credo.

206 2715 276 2781 Hoc
308 2717 440 2782 verbum
473 2715 603 2782 notione
626 2717 835 2784 intransitiva
859 2736 928 2782 cum
953 2717 1062 2782 clativc
1088 2717 1287 2798 conjunctum

117 2829 168 2889 est
191 2824 276 2904 apud
300 2822 475 2903 Tibullum:
499 2824 524 2887 I.
550 2831 577 2889 2.
603 2830 658 2890 41:
682 2825 767 2905 „Nec
791 2829 897 2890 tamen
923 2824 995 2889 huic
1019 2824 1155 2906 conjunx
1179 2822 1289 2887 credet

116 2931 216 3010 truis‘,
241 2930 273 2995 in
290 2930 603 3010 Pseudo-Tibzlll.
626 2935 655 2996 4.
683 2938 721 2996 12
748 2937 780 2996 et
796 2932 851 2997 lV.
875 2938 904 2998 4.
930 2941 964 2996 3:
989 2929 1155 3014 „Mendaoi
1179 2947 1296 3013 somno⁷

117 3039 248 3103 credere
272 3036 340 3103 sive
364 3038 501 3104 volent.“
547 3037 668 3120 „Crede
701 3037 804 3103 mihi.“
851 3040 900 3104 De
924 3040 1022 3105 verbo
1047 3036 1218 3102 transitivo
1242 3035 1288 3100 in-

117 3144 168 3209 fra
190 3143 376 3210 ridebimus.

207 3269 269 3334 Hic
293 3288 368 3334 usus
392 3278 443 3334 est
462 3289 585 3352 quoque
601 3270 824 3351 Vergilianus:
848 3272 917 3337 Ecl.
933 3272 993 3336 lll.
1012 3277 1068 3336 94:
1094 3272 1183 3352 „Non
1208 3272 1288 3335 bene

116 3376 208 3458 ripae
221 3375 389 3442 creditur.“
424 3379 505 3443 Aen.
517 3376 608 3442 VIII.
624 3384 701 3443 140:
719 3377 867 3461 „Auditis
880 3378 908 3443 si
920 3380 1089 3459 quidquam
1103 3379 1288 3442 credImus“

116 3484 221 3551 Semel
245 3484 355 3566 torma,
388 3503 470 3564 quae
493 3490 544 3549 est
567 3485 698 3568 credita,
723 3491 834 3550 exstat
866 3506 923 3566 pro
955 3485 1112 3552 dictione:
1144 3485 1194 3550 cui
1225 3504 1287 3549 non

50 3654 55 3663 ,
116 3590 268 3674 creditur„
292 3590 324 3655 in
349 3593 429 3656 Aen.
452 3591 494 3656 Π.
519 3597 601 3658 247:
625 3592 761 3673 „Aperit
784 3593 967 3658 Cassandra
991 3592 1107 3657 tuturis
1132 3593 1212 3671 Ora,
1237 3589 1288 3657 dei

103 3699 204 3784 ¹jussu
242 3716 304 3763 non
343 3717 489 3780 umquam
526 3698 649 3764 credita
683 3700 844 3764 'l‘eumisf‘
901 3699 945 3766 cl.
982 3698 1153 3781 Forbigeri
1191 3699 1288 3763 adno-

119 3804 273 3870 tationem
296 3807 337 3871 ad
360 3807 444 3872 hunc
467 3807 585 3887 locum,
619 3806 672 3887 qui
700 3807 765 3872 alia
789 3808 882 3891 hujus
906 3827 982 3874 usus
1006 3807 1153 3886 exempla
1177 3806 1289 3870 laudat

117 3912 227 3978 multa.

597 4032 625 4087 d.
645 4021 807 4102 displiceo.

205 4147 301 4226 Apud
317 4145 478 4212 Tibullum
495 4151 625 4215 verbum
650 4147 840 4228 displicendi
865 4165 934 4210 cum
954 4145 1063 4211 dativo
1084 4145 1288 4229 conjungitur

117 4251 251 4333 ubique:
274 4254 345 4318 Duo
369 4255 431 4320 loci
455 4263 531 4319 sunt
554 4255 603 4321 hi:

116 4377 186 4443 Tib.
208 4378 234 4444 I.
281 4385 310 4444 8.
336 4385 394 4445 75:
418 4382 510 4446 Nunc
533 4380 684 4460 displicet
706 4379 753 4444 illi
777 4430 783 4444 .
809 4429 816 4444 .
842 4422 847 4434 ·
867 4379 977 4462 janua.

178 4487 233 4552 IV.
263 4494 309 4552 lt.
357 4496 394 4553 6:
418 4487 600 4568 Displiceas
623 4487 705 4552 allis,
