2820 4920
592 270 812 331 ...42-

136 470 165 530 8.
188 462 370 545 proximus:
392 464 448 530 IV.
473 471 501 531 2.
526 470 585 531 20:
632 463 801 531 Proximus
824 462 904 529 Eois
928 461 1028 544 aquis.

137 578 165 637 9.
189 570 320 637 similis:
348 572 404 637 lIl.
427 578 457 637 4,
482 578 540 637 7οε
586 570 714 637 Similes
738 572 866 638 chordis
891 589 996 637 sonos.

118 684 165 743 10.
190 678 294 743 utilis:
341 678 401 744 ΙΙΙ.
425 684 454 743 4.
483 686 538 747 19;
585 678 689 745 Menti
713 679 792 745 deus
817 678 905 744 utilis
929 696 1058 760 aegrae.

119 788 165 851 ll.
190 784 332 851 vicinus:
355 785 409 851 IV.
439 793 465 851 l.
494 792 567 852 131:
613 785 709 851 (larcin
734 784 872 852 viciuuru
897 784 991 867 liquit
1015 784 1201 867 Olympum.

204 928 319 1009 ltaque
335 928 434 993 multo
450 928 649 1010 irequentior
665 928 717 993 uic
738 946 814 993 usus
835 928 867 993 iu
884 927 1094 994 Pseudo-'lib
1115 932 1177 1003 est,
1199 946 1301 1011 quam

114 1036 146 1101 in
163 1034 363 1100 'l'ibullianis
405 1035 481 1100 Jarn
504 1054 603 1116 supra
625 1035 745 1101 dictum
769 1044 828 1115 est,
853 1035 996 1102 dativum
1020 1052 1090 1099 cum
1107 1034 1212 1099 verbo
1231 1034 1300 1101 solo

12 1220 15 1225 1
115 1142 265 1225 cnrrjuugi
288 1162 349 1208 non
367 1162 470 1224 posse,
494 1144 550 1209 sed
567 1142 769 1209 substantiae
786 1142 946 1208 enuntiati
963 1139 1089 1223 opponi.
1134 1140 1203 1207 Sed
1220 1143 1300 1225 quid

115 1250 221 1315 rruuc‘?
246 1250 350 1314 Multa
369 1249 626 1316 enumeravimus
646 1249 853 1330 exemplam
873 1248 987 1330 qudbus
1006 1246 1203 1330 adjectivum
1225 1268 1299 1319 cum

115 1356 224 1423 dativu
249 1356 372 1421 arctius
390 1358 563 1422 cohaerere
588 1356 729 1423 videtur!
753 1358 819 1423 Res
843 1354 1218 1421 similiter-declaranda
1244 1364 1298 1422 est

115 1470 211 1545 atque
235 1464 365 1529 ‹lativus
390 1463 603 1530 substantivis
627 1464 804 1545 appositus,
829 1466 868 1529 de
884 1483 946 1545 qua
963 1482 998 1529 re
1017 1482 1116 1544 supra
1139 1461 1295 1529 diximus,

116 1570 287 1653 Adjectiva
320 1570 404 1635 enim
437 1570 651 1635 substantivis
683 1571 832 1652 apposita
864 1577 996 1636 exstant
1026 1589 1084 1649 pru
1114 1570 1298 1636 enuntiatis

116 1677 272 1754 relativis,
296 1696 334 1741 ae
357 1677 385 1740 si
409 1698 435 1741 e.
460 1697 490 1753 g.
515 1697 572 1757 pre
596 1678 780 1742 crrurdiatn:
814 1678 933 1755 „Menti
958 1677 1038 1741 (leus
1063 1674 1170 1740 utilis“
1194 1696 1297 1758 pona·

117 1802 201 1849 inus:
236 1782 415 1865 ‚‚‹le11s›‚qui
438 1784 537 1849 urenti
562 1783 651 1849 utilis
675 1787 752 1861 est‚“
777 1784 828 1848 lric
851 1782 981 1848 dativus
1004 1792 1055 1849 est
1077 1782 1172 1865 idem,
1201 1802 1297 1865 quem

115 1910 214 1971 supra
238 1895 444 1973 cugnnvlmus
468 1910 538 1956 cum
563 1894 659 1957 verbo
684 1890 886 1956 substantivo
910 1891 1121 1973 conjunctum.

204 2032 278 2098 Jam
312 2035 500 2098 monendum
535 2039 593 2111 est,
634 2034 837 2116 adjectivum,
874 2033 958 2113 qurod
989 2036 1039 2097 est
1072 2030 1230 2112 conscius,
1264 2032 1297 2099 iu

116 2160 212 2208 versu
237 2141 262 2205 i.
286 2146 314 2204 8.
340 2146 358 2204 3
384 2158 453 2204 cum
473 2139 625 2220 genetivo
643 2140 800 2221 (deorum)
817 2140 1018 2221 conjunctum
1036 2156 1116 2219 esse,
1140 2137 1298 2221 inversu

116 2253 223 2314 autem
248 2247 272 2312 l.
297 2252 324 2311 7.
349 2253 401 2312 48.
425 2265 494 2311 cum
520 2246 629 2311 dativo
653 2244 705 2328 (ct.
730 2264 803 2327 pag.
828 2249 892 2327 40.)

205 2389 351 2470 Denique
386 2388 587 2453 referendum
622 2396 680 2467 est,
716 2388 895 2471 Vergilium
930 2397 962 2454 et
996 2390 1158 2456 Tibullum
1187 2388 1297 2457 eidem

117 2496 188 2563 usui
211 2495 332 2573 lavere,
356 2493 418 2558 nisi
441 2495 525 2575 quod
549 2495 647 2560 semel
670 2494 725 2560 ille
749 2514 867 2576 vocem,
892 2514 972 2577 quae
997 2494 1195 2581 estsimilis,
1221 2516 1298 2563 con·

116 2601 222 2683 jungit
244 2620 314 2667 cum
338 2601 489 2683 genetivo
514 2601 545 2667 in
571 2604 649 2667 Aen.
675 2603 711 2667 V.
738 2603 817 2668 594:
842 2602 1056 2683 „Delphinum
1080 2600 1230 2681 similes“
1263 2608 1299 2669 et

117 2709 318 2791 adiectivum,
349 2710 432 2790 quaed
464 2714 515 2775 est
545 2709 718 2792 „frigidus‘
755 2709 806 2775 vel
844 2707 1185 2790 cum·praepositi0ua
1217 2706 1292 2789 „ina

117 2816 282 2901 conjungit
313 2816 445 2901 (Georg.
477 2817 537 2880 ΙΙΙ.
572 2822 590 2879 9
635 2821 661 2878 7.
693 2815 830 2897 frigidus
861 2814 894 2880 iu
924 2815 1099 2901 Venerem)
1138 2816 1192 2882 vel
1222 2834 1298 2883 cum

117 2922 240 2989 dativo:
275 2921 355 3005 „Sed
387 2920 506 3003 frigida
537 2921 620 2986 bello
641 2921 795 2987 dextera“
819 2923 900 2987 Aen.
924 2922 983 2988 ΧΙ.
1011 2924 1096 3004 338).
1142 2920 1297 2989 Ceterum

117 3030 217 3095 multa
248 3027 409 3111 adjectiva
439 3027 471 3092 in
505 3034 638 3109 utroque
667 3035 799 3094 auctore
830 3034 1020 3095 occurrunt:
1052 3048 1157 3113 asper,
1189 3046 1298 3113 carus,

118 3134 270 3214 conscius
300 3132 413 3213 facille,
445 3134 536 3213 lidae,
567 3139 691 3217 gratus,
720 3154 867 3218 magnus,
900 3142 1004 3219 notus,
1038 3136 1160 3216 obviae,
1192 3152 1298 3203 sacer.

117 3247 234 3327 (aptus
259 3241 440 3307 contrarius
481 3240 636 3320 inimicus,
669 3241 807 3323 propior,
839 3242 1012 3327 pruxinrus,
1047 3241 1171 3321 similis,
1194 3239 1297 3329 utilis,

119 3349 255 3416 vicinus:
286 3366 367 3428 quae
397 3346 559 3430 adjectiva
593 3347 698 3412 nmrria
731 3356 806 3413 sunt
838 3346 1188 3435 Pseudo-Tibulliana.)
1247 3346 1298 3415 cf.

118 3454 247 3522 Dittelii
270 3455 290 3520 1.
314 3455 333 3519 l.
357 3472 430 3537 pag.
456 3461 506 3519 20.

573 3827 608 3911 θ.
634 3825 846 3909 adverbia.

207 4131 245 4195 In
279 4127 472 4195 Tibullianis
504 4126 697 4194 carminibus
730 4128 808 4194 nihil
841 4129 995 4211 eJusmodi
1027 4131 1156 4212 repperi
1193 4137 1227 4197 et
1259 4130 1293 4197 iu

120 4235 331 4303 Pseudo-Tib.
355 4255 450 4302 unum
473 4234 669 4315 adverbium,
693 4235 777 4317 quod
801 4240 852 4299 est
876 4232 1001 4313 .‚satis.“

120 4342 176 4410 IV.
202 4349 229 4410 l.
299 4348 334 4409 7:
380 4343 442 4409 Est
465 4341 556 4408 nubis
580 4340 721 4409 voluisse
745 4339 834 4405 satis.

120 4450 176 4516 IV.
205 4457 229 4517 l.
256 4455 335 4517 187:
380 4450 425 4515 Et
447 4450 574 4515 domino
597 4448 688 4515 satis,
